2023 2891
950 202 986 232 11

153 365 198 395 10.
241 364 448 395 Pausaniam
469 369 504 395 et
526 364 787 395 Menaechmum
806 373 883 394 cum
907 363 1104 404 Sicyoniam
1128 365 1365 403 anagrapham
1389 364 1626 395 intemeratam
1646 367 1792 401 tradant,

245 418 445 459 Argolicam
469 419 706 458 anagrapham
727 418 971 457 interpolatam
995 417 1168 448 exhibere.
1214 417 1299 448 Inde
1323 424 1435 448 ortum
1460 428 1536 449 esse
1558 428 1700 458 pravom

461 471 653 503 Pausaniae
675 472 718 503 de
741 471 972 512 Melampodis
995 477 1109 503 aetate
1133 472 1285 512 mythica
1308 472 1477 503 iudicium.

231 572 464 612 Posteaquam
486 572 589 612 igitur
604 573 875 603 demonstratum
898 583 919 603 a
941 572 1039 603 nobis
1060 577 1122 608 est,
1146 582 1235 612 quae
1257 571 1330 602 fata
1353 578 1386 603 et
1410 582 1496 612 quas
1518 574 1725 605 mutationes
1742 574 1859 606 fabula

84 627 127 656 de
150 626 278 657 Proeto
302 632 336 657 et
360 626 580 666 Melampode
602 626 753 663 subierit,
777 637 884 667 porro
901 637 988 657 nunc
1004 627 1237 666 quaerendum
1261 626 1333 662 erit,
1357 636 1460 666 quam
1477 628 1704 666 potissumum
1721 628 1859 660 fabulae

86 679 226 710 formam
249 680 440 711 Pausanias
463 686 599 712 secutus
623 682 675 717 sit,
699 687 735 712 ut
762 682 896 718 deinde,
919 691 999 712 num
1021 681 1053 711 in
1075 682 1140 712 hac
1162 691 1301 721 quoque
1324 691 1362 711 re
1386 691 1461 711 cum
1474 680 1700 712 Menaechmo
1726 683 1756 713 ei
1780 693 1858 713 con-

82 734 205 767 veniat,
238 740 386 765 eruatur.
430 734 620 766 Pausanias
649 746 716 766 non
739 735 967 775 antiquiorem
998 734 1152 772 formam,
1189 735 1251 765 sed
1287 735 1523 776 recentiorem,
1555 745 1644 775 quae
1665 735 1859 767 Heraclidis

82 788 321 827 impulsoribus
343 794 419 819 orta
443 795 503 829 est,
531 790 691 829 sequitur.
736 790 773 820 In
796 789 981 830 Sicyoniae
1007 789 1238 829 descriptione
1268 790 1296 826 2,
1317 791 1345 825 5,
1368 790 1387 820 4
1423 790 1467 819 ad
1498 790 1525 825 2,
1553 790 1598 825 12,
1632 790 1650 820 2
1674 796 1727 820 ter
1750 791 1794 821 ab
1818 801 1859 821 eo

82 841 227 873 Proetus
249 849 465 878 memoratur,
492 844 549 883 qui
564 843 714 883 Sicyone
740 843 828 874 filias
852 854 931 875 suas
955 853 1057 874 sanas
1074 849 1108 873 et
1123 853 1143 873 a
1158 843 1259 883 gravi
1280 844 1401 873 morbo
1418 843 1581 873 liberatas
1597 844 1739 874 deorum
1755 846 1858 876 bene-

82 895 157 926 ficio
180 896 358 936 receperit.
397 897 435 927 In
459 898 508 928 eis
531 898 614 929 locis
636 898 728 928 nullo
751 899 858 929 verbo
874 898 1068 938 Melampus
1090 897 1293 933 nominatur,
1317 898 1420 927 immo
1446 898 1539 928 solus
1561 907 1697 937 semper
1712 898 1858 929 Proetus

81 951 238 989 procedit
260 956 294 981 et
316 951 457 990 negotia
480 962 542 982 sua
564 952 710 992 peragit.
754 951 859 983 Curat
883 958 996 983 autem
1018 952 1206 991 praecipue
1227 950 1385 981 fanorum
1408 953 1647 982 nonnullorum
1671 953 1858 984 dedicatio-

81 1014 150 1039 nes,
173 1004 318 1044 primum
342 1005 524 1045 Apollinis,
547 1006 649 1037 Paus.
665 1008 693 1042 2,
717 1007 745 1040 7,
769 1007 787 1038 8
808 1007 865 1038 τὸν
887 1007 967 1038 ναὸν
989 1008 1046 1038 τοῦ
1069 1005 1288 1045 Ἀπόλλωνος]
1312 1006 1330 1037 ὁ
1351 1007 1386 1037 δὲ
1409 1007 1488 1044 ναὸς
1511 1006 1579 1037 ἔστι
1604 1007 1660 1045 μὲν
1683 1007 1718 1038 ἐν
1739 1011 1776 1049 τῇ
1800 1009 1858 1039 νῦν

82 1058 193 1099 ἀγορᾷ,
215 1059 252 1100 ‘ro
272 1060 306 1090 δὲ
330 1060 361 1091 ἐξ
382 1059 482 1098 ἀρχῆς
505 1061 654 1097 λέγουσιν
676 1061 774 1092 αὐτὸν
795 1061 856 1092 ὑπὸ
878 1061 1019 1099 Προίτου
1040 1063 1219 1099 ποιηθῆναι.
1265 1060 1321 1090 De
1342 1061 1463 1091 eadem
1492 1061 1579 1091 aede
1602 1061 1702 1092 Paus.
1727 1063 1754 1097 2,
1778 1063 1806 1101 9,
1831 1063 1858 1094 8.

81 1111 216 1143 Deinde
238 1112 376 1144 Iunonis
399 1124 536 1154 quoque
559 1115 679 1145 aedem
702 1125 812 1155 prope
846 1121 983 1155 portum
1005 1114 1244 1154 Sicyoniorum
1267 1115 1415 1145 Proetus
1438 1115 1668 1151 dedicaverat,
1696 1117 1857 1156 quoniam

80 1165 163 1196 Iuno
185 1167 399 1205 potissimum
424 1167 559 1199 filiabus
583 1169 731 1209 propitia
753 1170 932 1201 reddenda
956 1175 1039 1204 erat,
1063 1169 1163 1200 Paus.
1187 1170 1214 1203 2,
1239 1169 1285 1204 12,
1313 1170 1331 1199 2
1359 1170 1606 1208 καταβαίνουσιν
1628 1170 1664 1208 ἐς
1688 1170 1858 1202 θάλασσαν

80 1221 114 1252 ἐν
137 1221 289 1262 ἀριστερᾷ
311 1225 367 1260 τῆς
389 1222 468 1254 ὁδοῦ
489 1224 569 1262 ναὸς
591 1224 700 1263 Ἥρας,
723 1225 780 1256 οὐκ
802 1225 885 1263 ἔχων
908 1224 981 1256 οὔτε
1005 1223 1131 1262 ἄγαλμα
1153 1223 1227 1255 οὔτε
1251 1223 1389 1262 ὄροφον·
1409 1224 1467 1255 τὸν
1489 1225 1523 1255 δὲ
1540 1223 1699 1256 ἀναθέντα
1716 1225 1858 1263 Προῖτον

81 1274 158 1306 εἶναι
180 1276 237 1307 τὸν
258 1275 418 1315 Ἄβαντός
440 1285 550 1315 φασιν.
594 1277 699 1317 Apud
724 1278 931 1308 Pausaniam
962 1278 1065 1317 igitur
1086 1277 1299 1317 Argivorum
1322 1287 1443 1317 regum
1467 1280 1691 1318 anagraphae
1713 1280 1857 1310 mutatio

82 1330 170 1360 hanc
202 1330 270 1359 vim
301 1331 429 1366 habuit,
464 1337 500 1362 ut
531 1332 737 1363 domesticas
760 1331 1000 1372 Sicyoniorum
1033 1331 1168 1362 fabulas
1200 1331 1404 1367 immutaret,
1438 1342 1517 1362 nam
1551 1332 1805 1373 Melampodem
1838 1344 1858 1364 a

80 1382 208 1414 Proeto
232 1385 440 1424 segregavit.
485 1385 562 1417 Hoc
584 1391 678 1417 certe
699 1387 743 1417 ab
767 1385 927 1426 exegetis
949 1385 1121 1425 Sicyoniis
1144 1395 1212 1416 non
1234 1386 1282 1416 ita
1303 1391 1494 1425 acceperat.

227 1438 299 1469 Iam
321 1440 505 1478 quaeritur,
528 1450 618 1480 quae
640 1439 854 1471 Menaechmi
879 1441 922 1470 de
954 1440 1006 1470 his
1036 1441 1138 1470 rebus
1171 1441 1340 1471 sententia
1364 1440 1479 1476 fuerit;
1514 1451 1593 1471 num
1628 1447 1781 1473 veterem
1813 1453 1856 1473 an

80 1491 247 1522 noviciam
279 1503 400 1533 regum
422 1494 635 1534 Argivorum
666 1495 902 1535 anagrapham
934 1494 1143 1534 probaverit,
1178 1500 1212 1525 et
1244 1495 1325 1535 quid
1363 1496 1406 1525 de
1427 1495 1658 1535 Melampodis
1682 1502 1715 1526 et
1738 1496 1857 1527 Proeti

81 1547 254 1577 consortio
277 1547 442 1578 iudicarit.
475 1548 596 1579 Potest
618 1554 742 1584 autem,
759 1549 786 1579 si
803 1549 885 1588 quid
900 1548 1011 1583 video,
1029 1549 1114 1578 haec
1137 1548 1294 1587 quaestio
1307 1549 1351 1578 ad
1364 1548 1529 1588 liquidum
1552 1549 1701 1588 perduci.
1739 1549 1855 1580 Habe-

81 1610 155 1631 mus
179 1601 268 1632 enim
290 1602 377 1632 inter
398 1612 511 1642 pauca
533 1612 614 1633 sane
636 1602 693 1633 illa
708 1602 923 1633 Menaechmi
939 1602 1092 1642 Sicyonii
1114 1602 1320 1642 fragmenta,
1345 1612 1434 1642 quae
1457 1603 1585 1642 optime
1608 1604 1755 1634 collecta
1779 1610 1856 1634 sunt

81 1665 101 1685 a
124 1654 248 1686 Carolo
271 1655 416 1687 Mueller
438 1656 471 1686 in
494 1656 522 1686 F
524 1667 631 1696 ragm.
655 1656 780 1697 Script.
804 1658 847 1688 de
870 1658 972 1687 rebus
994 1657 1187 1688 Alexandri
1209 1657 1329 1697 Magni
1354 1657 1385 1687 in
1411 1658 1504 1688 calce
1525 1658 1683 1688 editionis
1706 1658 1856 1696 Arriani,

81 1708 179 1739 Paris
204 1709 292 1744 1877,
315 1719 346 1749 p.
372 1711 441 1744 145,
467 1720 578 1750 unum,
601 1712 694 1750 quod
716 1712 1059 1751 praestantissumum
1083 1716 1135 1741 est
1158 1716 1193 1741 et
1218 1711 1249 1741 in
1273 1712 1337 1741 hac
1361 1711 1561 1751 quaestione
1584 1722 1744 1743 maxume
1767 1712 1856 1743 fruc-

81 1769 226 1793 tuosum.
270 1763 378 1794 Extat
409 1763 640 1804 fragmentum
673 1766 765 1805 apud
788 1765 901 1797 Schol.
925 1766 969 1795 ad
992 1765 1089 1795 Pind.
1113 1765 1208 1796 Nem.
1234 1765 1297 1804 IX,
1321 1775 1353 1805 p.
1380 1766 1440 1796 493
1464 1771 1559 1799 extr..
1595 1772 1629 1796 et
1652 1767 1779 1797 editum
1804 1773 1856 1797 est

80 1817 205 1847 rectius
227 1827 326 1853 nunc,
357 1828 459 1857 quam
482 1819 562 1849 olim
585 1821 676 1859 apud
699 1820 921 1854 Boeckhium,
954 1830 974 1850 a
998 1820 1162 1860 Tychone
1184 1819 1376 1850 Mommsen
1412 1819 1445 1849 in
1468 1820 1590 1859 Progr.
1615 1820 1855 1852 Moenofranc-

80 1870 222 1902 furtensi
244 1872 350 1911 (1877)
372 1882 404 1912 p.
429 1874 448 1903 9
472 1874 653 1913 diligenter
675 1874 838 1913 inspectis
861 1874 1035 1905 codicibus
1058 1874 1148 1904 Med.
1171 1874 1200 1903 B
1223 1880 1257 1904 et
1280 1874 1358 1905 Vat.
1383 1875 1420 1905 B.
1466 1874 1592 1904 Narrat
1615 1875 1646 1904 in
1671 1876 1736 1905 hoc
1760 1875 1852 1916 frag-

80 1931 194 1956 mento
217 1925 462 1957 Menaechmus
491 1928 534 1958 de
566 1928 642 1958 rixa
664 1928 999 1968 Melampodidarum
1023 1933 1057 1958 et
1080 1928 1325 1961 Biantidarum.
1361 1939 1505 1968 quorum
1541 1929 1606 1958 illis
1639 1930 1854 1969 temporibus

81 1980 194 2020 capita
227 1980 363 2012 fuerunt
384 1980 616 2021 Amphiaraus
650 1988 683 2013 et
705 1983 878 2013 Adrastus
913 1983 1053 2022 eiusque
1085 1982 1191 2013 frater
1214 1982 1363 2013 Pronax.
1410 1982 1641 2022 Amphiaraus
1675 1984 1854 2014 victoriam

81 2040 283 2065 consecutus
305 2041 358 2065 est
380 2036 605 2075 potissumum
633 2037 804 2067 sociorum
838 2037 1050 2077 quorundam
1074 2046 1191 2076 opera.
1236 2037 1310 2067 Hos
1347 2037 1461 2067 socios
1482 2037 1726 2068 Menaechmus
1750 2045 1854 2069 vocat

80 2089 355 2129 Anaxagarzdas.
407 2090 520 2121 Schol.
542 2090 638 2121 Pind.
660 2101 692 2130 p.
715 2091 775 2122 493
807 2097 892 2122 extr.
927 2091 1111 2129 Μέναιχμος
1133 2091 1151 2122 ὁ
1173 2091 1347 2130 Σικυώνιος
1370 2091 1454 2123 οὕτω
1483 2091 1612 2130 γράψει’
1661 2117 1689 2123 ..
1713 2092 1853 2131 Πρῶναξ

81 2145 137 2181 μὲν
158 2145 176 2175 ὁ
199 2144 327 2175 Ταλαοῦ
428 2145 606 2183 βασιλεύων
627 2144 776 2183 Ἀργείων
805 2145 981 2183 ἀπθνήσκει
1009 2146 1298 2183 καταστασιασθεὶς
1320 2146 1383 2176 ὑπὸ
1406 2145 1607 2184 Ἀμφιαράου
1631 2147 1680 2177 καὶ
1703 2148 1766 2178 τῶν
1790 2147 1853 2179 Με-

81 2200 284 2236 λαμποδιδῶν
306 2199 357 2230 καὶ
378 2200 441 2230 τῶν
464 2198 723 2237 Ἀναξαγοριδῶν.
767 2199 953 2230 Muellerus
975 2200 1069 2239 quod
1092 2200 1201 2230 addit:
1230 2198 1501 2239 Anaxagorz'dm·
1524 2199 1664 2230 aliunde
1686 2199 1747 2230 vix
1771 2201 1852 2237 noti,

80 2253 183 2283 credo
206 2253 236 2284 ei
259 2253 429 2284 desiderio
453 2263 529 2284 cum
553 2253 755 2284 Mommensi
777 2264 809 2294 p.
836 2255 873 2285 10
896 2255 999 2284 docta
1021 2254 1253 2294 adnotatione,
1287 2260 1358 2284 tum
1382 2254 1440 2289 eis,
1477 2264 1565 2293 quae
1586 2265 1606 2284 a
1630 2255 1729 2285 nobis
1751 2266 1853 2295 supra

81 2307 254 2347 disputata
277 2314 363 2342 sunt,
387 2307 600 2338 satisfactum
623 2318 708 2338 esse.
747 2308 1022 2348 Anaxagoridae
1045 2309 1101 2348 qui
1125 2309 1169 2338 ab
1192 2308 1418 2339 Menaechmo
1441 2315 1677 2348 nuncupantur
1699 2309 1796 2349 Iphis
1820 2316 1853 2340 et

81 2362 263 2401 Capaneus
292 2367 377 2401 sunt,
409 2362 519 2392 eidem
542 2372 630 2402 quos
652 2362 840 2393 Pausanias
866 2364 912 2398 10,
938 2363 984 2397 10,
1009 2362 1027 2391 3
1058 2360 1231 2401 ‘posteros
1260 2358 1393 2392 Proeti'
1429 2361 1600 2401 significat
1631 2362 1661 2393 οἱ
1696 2361 1853 2398 ἀπόγονοι

79 2416 220 2455 Προίτου
245 2417 408 2454 Καπανεὺς
430 2417 576 2448 Ἱππόνου
600 2417 651 2448 καὶ
672 2412 840 2455 Ἐτέοκλος
863 2417 881 2448 ὁ
904 2417 1013 2456 Ἴφιος.
1050 2416 1121 2446 Iam
1144 2426 1226 2447 vero
1250 2417 1336 2447 haec
1351 2426 1419 2446 una
1434 2426 1504 2446 vox
1520 2414 1853 2456 Anaxagorz'darum

80 2481 143 2510 pro
161 2470 236 2501 face
258 2470 357 2501 nobis
379 2481 455 2501 esse
478 2476 594 2510 potest
617 2471 661 2501 ad
683 2481 802 2501 verum
825 2472 867 2501 de
884 2470 1098 2501 Menaechmi
1115 2480 1217 2510 super
1232 2471 1283 2501 his
1300 2472 1402 2501 rebus
1419 2471 1587 2501 sententia
1603 2470 1852 2501 inveniendum.

80 2524 333 2565 Menaechmus,
361 2525 417 2564 qui
441 2524 474 2555 in
498 2526 698 2565 anagrapha
721 2524 881 2566 Sicyonia
905 2525 1136 2564 incorruptam
1160 2530 1368 2556 vetustatem
1393 2524 1554 2562 defendit,
1583 2525 1615 2555 in
1638 2524 1851 2564 Argivorum
