2023 2891
1023 182 1058 211 lo

193 307 222 337 9.
267 306 412 336 Proetus
436 306 467 336 in
492 307 637 336 eundem
661 312 765 346 atque
786 305 945 336 Acrisius
967 307 1079 337 locum
1104 312 1244 338 evectus
1267 308 1311 338 ab
1325 307 1554 347 Melampode,
1580 307 1612 337 in
1636 307 1878 347 antiquissimis

307 359 432 390 fabulis
454 359 630 389 fidissumo
657 359 727 390 eius
751 360 862 390 sodali
887 366 921 390 et
940 366 1110 395 consorte,
1135 360 1326 400 diremptus
1350 367 1410 392 est.
1445 360 1576 401 Quibus
1601 361 1764 391 machinis

611 413 844 444 miserandum
868 424 950 444 vere
975 415 1005 444 in
1029 415 1166 445 modum
1191 425 1386 446 succursum
1409 415 1461 446 sit.

291 498 388 528 Haec
412 498 516 538 igitur
539 499 682 528 duorum
706 498 878 528 nominum
907 499 1053 529 adiectio
1077 499 1109 528 in
1133 498 1260 529 Acrisii
1286 509 1367 529 sane
1393 504 1427 529 et
1450 498 1569 529 Proeti
1591 504 1809 538 posterorum
1838 499 1926 530 serie

143 558 344 585 concentum
381 557 414 582 et
437 562 641 583 consensum
676 551 824 591 aliquem
858 552 980 583 effecit.
1025 551 1096 583 Sed
1119 562 1195 583 curn
1219 552 1278 582 vix
1301 553 1366 583 hoc
1399 551 1508 583 fulcro
1531 553 1690 583 labantes
1712 551 1926 592 antiquorum

143 612 362 638 stemmatum
385 607 535 646 parietes
559 606 680 637 refecti
713 606 901 646 paullulum
925 612 1049 642 essent,
1086 608 1130 637 ab
1162 607 1272 637 altera
1304 611 1404 646 parte
1436 616 1528 637 nova
1561 611 1698 646 strages
1720 607 1926 638 imminebat.

142 662 229 692 Nam
252 661 318 691 hoc
341 661 452 700 ipsum
474 659 663 697 artificium,
693 661 787 700 quod
810 661 854 690 ad
877 661 995 691 Proeti
1018 667 1051 691 et
1074 660 1201 691 Acrisii
1226 665 1407 690 stemmata
1435 662 1665 700 exaequanda
1688 661 1771 691 utile
1792 659 1864 695 fuit,
1893 660 1925 690 in

142 715 209 745 alia
232 725 268 745 re
288 725 409 745 recens
432 715 553 745 volnus
576 714 666 745 fecit.
712 714 824 754 Quom
848 715 936 745 enim
961 714 1082 754 Argeo
1116 720 1150 744 et
1173 714 1392 753 Anaxagora
1425 714 1560 745 insertis
1582 714 1729 745 Proetus
1763 715 1795 744 in
1816 714 1927 744 locum

140 771 246 809 longe
270 768 427 799 altiorem
450 775 484 799 et
507 769 687 800 celsiorem
712 774 853 800 evectus
877 774 968 799 esset
991 768 1037 802 (in
1061 769 1178 799 sedem
1200 769 1243 798 ab
1272 767 1417 798 Adrasti
1440 768 1532 798 bello
1556 774 1691 798 sextam
1714 779 1757 798 ex
1781 770 1926 808 quarta),

141 825 175 854 id
195 823 391 854 necessario
416 823 505 853 hunc
528 822 687 854 effectum
711 824 841 858 habuit,
869 828 906 853 ut
930 824 973 853 ab
996 823 1115 853 vicinis
1138 822 1202 853 sibi
1225 822 1259 852 in
1281 822 1470 852 vetustiore
1493 823 1578 852 sede
1600 823 1763 853 heroibus
1787 822 1926 853 divelle-

141 884 244 909 retur.
288 878 343 907 Ac
366 883 440 907 erat
462 886 549 907 unus
582 878 703 907 saltem
727 887 803 908 cum
827 887 894 916 quo
929 877 961 907 in
995 876 1241 916 antiquissimis
1275 876 1340 906 illis
1363 876 1497 911 fabulis,
1531 887 1617 916 quas
1640 877 1673 907 in
1696 876 1927 916 superioribus

142 931 364 971 excussimus,
387 931 485 970 quasi
509 941 609 961 unam
631 931 749 971 bigam
774 930 950 962 effecerat:
975 931 1172 971 Melampus.
1218 930 1302 970 Quis
1326 931 1444 961 audito
1467 931 1586 961 Proeti
1607 932 1746 962 nomine
1768 941 1837 961 non
1859 940 1928 960 una

140 986 350 1025 Melampum
373 985 563 1025 cogitaret?
609 985 670 1016 Cui
704 995 772 1015 non
796 985 910 1016 dictae
934 985 1164 1016 exauditaeve
1195 990 1293 1016 erant
1316 986 1548 1025 lymphaticae
1570 985 1801 1025 Melampodis
1825 985 1926 1015 salta-

140 1041 261 1075 tiones,
291 1040 415 1079 quibus
438 1039 645 1070 insanientes
676 1040 794 1070 Proeti
827 1039 916 1070 filias
940 1050 958 1070 e
981 1039 1126 1069 saltibus
1148 1038 1332 1078 Sicyonem
1369 1039 1589 1069 abduxisset?
1635 1039 1754 1079 Itaque
1777 1039 1924 1069 Proetus

140 1105 216 1126 cum
239 1094 460 1133 Melampode
484 1095 605 1125 eadem
629 1099 732 1134 atque
756 1104 832 1125 cum
857 1094 993 1124 Acrisio
1015 1093 1268 1124 necessitudine
1292 1093 1494 1124 coniunctus
1519 1094 1710 1124 videbatur.
1744 1093 1821 1133 Ego
1843 1102 1926 1132 quo-

141 1149 192 1179 vis
208 1149 354 1188 pignore
370 1148 550 1187 proposito
566 1148 809 1182 contenderim,
834 1148 997 1188 antiquos
1013 1152 1230 1178 stemmatum
1246 1147 1474 1178 fabricatores
1494 1148 1584 1178 serio
1602 1148 1824 1184 deliberasse,
1848 1157 1927 1177 num

142 1204 265 1235 eodem
278 1203 441 1237 remedio,
461 1212 528 1241 quo
539 1202 686 1233 Proetus
702 1204 746 1233 ad
764 1203 921 1233 altiorem
937 1203 1050 1233 locum
1068 1207 1208 1232 evectus
1224 1208 1326 1238 esset,
1344 1202 1555 1242 Melampodi
1571 1212 1712 1242 quoque
1729 1202 1800 1232 eius
1815 1201 1925 1232 sodali

142 1256 291 1288 succurri
312 1262 442 1296 posset,
466 1256 655 1287 inserendis
678 1257 849 1287 nonnullis
883 1257 1056 1287 nominum
1089 1256 1305 1286 heroicorum
1336 1256 1473 1288 umbris.
1518 1256 1589 1288 Sed
1623 1267 1710 1287 unus
1733 1256 1927 1295 Melampus

142 1313 185 1342 ab
208 1312 307 1341 huius
330 1312 472 1342 remedii
498 1322 560 1342 usu
584 1312 789 1342 interclusus
823 1317 906 1346 erat,
941 1311 1081 1351 ancipiti
1103 1311 1262 1350 quodam,
1301 1320 1361 1341 seu
1396 1310 1484 1341 felici
1519 1321 1580 1342 seu
1604 1312 1752 1346 sinistro,
1787 1311 1928 1341 honoris

141 1375 279 1406 genere.
325 1366 413 1395 Nam
435 1365 645 1405 Melampodi
670 1366 860 1400 stationem,
884 1376 988 1405 quam
1011 1366 1200 1404 obtinebat,
1236 1370 1394 1404 quartam
1416 1367 1459 1396 ab
1482 1366 1626 1396 Adrasti
1648 1366 1743 1396 bello
1768 1370 1927 1399 aetatem,

141 1421 238 1451 locus
260 1420 316 1450 ille
350 1420 568 1450 clarissumus
600 1420 633 1449 in
667 1420 828 1460 Odyssea
850 1431 877 1455 o,
913 1421 1077 1451 224—255
1111 1420 1339 1450 immortalem
1373 1426 1408 1450 et
1440 1420 1686 1459 sempiternam
1718 1420 1925 1451 reddiderat.

141 1475 264 1514 Itaque
287 1474 321 1504 in
344 1484 405 1504 sua
434 1474 490 1504 ille
524 1475 606 1505 sede
630 1474 809 1505 Musarum
836 1475 990 1513 vinculis,
1026 1474 1174 1504 aureolis
1207 1474 1273 1504 illis
1307 1473 1456 1513 quidem,
1491 1484 1608 1505 verum
1645 1474 1925 1509 inexorabilibus

142 1528 267 1559 affixus
290 1534 372 1559 erat.

288 1582 372 1613 Cum
396 1582 500 1621 igitur
523 1582 596 1621 ipse
620 1583 723 1612 homo
749 1583 825 1612 loco
850 1583 980 1613 moveri
1002 1592 1070 1613 non
1093 1588 1223 1622 posset,
1251 1582 1389 1612 fabulae
1412 1581 1523 1612 forma
1548 1588 1680 1613 mutata
1706 1588 1767 1614 est.
1813 1582 1926 1622 Quare

142 1637 208 1667 iarn
230 1638 469 1667 thesaurorum
502 1637 637 1666 illorum
661 1636 889 1676 mythicorum
923 1637 1084 1667 custodes
1117 1642 1151 1667 et
1186 1637 1443 1676 dispensatores
1475 1637 1580 1666 talem
1602 1647 1691 1667 nunc
1713 1637 1852 1668 fabulae
1884 1638 1927 1668 de

142 1691 362 1721 Proetidibus
384 1690 506 1721 faciem
529 1691 769 1729 procuderunt‚
795 1691 828 1720 in
852 1701 920 1730 qua
944 1709 979 1712 -—
1002 1691 1100 1721 triste
1124 1691 1216 1721 dictu
1240 1708 1279 1712 —
1302 1690 1496 1730 Melampus
1519 1701 1540 1720 a
1558 1691 1697 1726 Proeto,
1722 1691 1833 1722 sodali
1855 1702 1925 1725 suo,

143 1746 274 1775 solutus
298 1751 389 1776 esset
415 1750 449 1774 et
472 1750 615 1784 uterque
639 1755 797 1775 seorsum
821 1746 998 1776 mulierum
1020 1745 1263 1776 insanientium
1280 1745 1489 1776 curationem
1511 1744 1673 1776 efficeret.
1707 1745 1830 1785 Itaque
1851 1756 1927 1777 curn

142 1801 228 1829 haec
248 1799 365 1829 fabula
389 1799 468 1829 olim
492 1809 557 1828 una
581 1804 615 1829 et
639 1799 776 1838 integra
799 1799 931 1834 fuisset,
965 1801 1029 1830 hac
1052 1800 1188 1830 novicia
1212 1799 1373 1829 narrandi
1395 1799 1528 1829 ratione
1552 1799 1711 1830 bifariam
1733 1800 1843 1830 divisa
1865 1806 1926 1830 est.

143 1853 204 1883 Est
227 1854 387 1893 antiquae
403 1845 547 1883 'fabulae
570 1853 696 1893 imago,
734 1855 795 1884 sed
818 1854 931 1884 omnia
953 1854 985 1883 in
1009 1853 1105 1893 peius
1130 1858 1269 1884 mutata.
1310 1853 1547 1893 Anaxagorae
1585 1860 1750 1893 tempore,
1788 1872 1823 1875 —
1847 1864 1925 1884 nam

143 1908 190 1938 ita
213 1908 285 1938 sere
309 1908 548 1938 declamabant
572 1926 618 1944 -—,
657 1908 803 1938 deorum
835 1909 977 1947 provisu
1000 1908 1198 1938 mulieribus
1220 1907 1363 1947 Argivis
1386 1907 1551 1937 insaniam
1578 1908 1746 1944 incidisse,
1784 1918 1861 1939 eum
1893 1910 1925 1939 in

143 1963 281 1992 modum
307 1968 343 1992 ut
367 1962 399 1991 in
423 1961 594 1992 montibus
618 1968 838 2002 vagarentur.
884 1961 943 1992 Ad
969 1963 1054 1992 haec
1076 1962 1167 1991 mala
1199 1962 1350 1992 curanda
1373 1963 1417 1992 ab
1441 1972 1525 2002 rege
1546 1962 1764 2002 Anaxagora
1788 1981 1820 1984 ——
1848 1973 1927 1993 nam

143 2016 171 2046 is
194 2026 282 2046 nunc
305 2022 357 2046 est
379 2017 418 2047 τὰ
440 2016 545 2047 πάντα
570 2034 605 2037 -
629 2015 888 2055 Melampodem
912 2015 1055 2046 accitum
1080 2025 1156 2046 esse
1180 2025 1222 2046 eo
1245 2021 1349 2054 pacto
1373 2016 1575 2055 composito,
1600 2021 1645 2051 ut,
1671 2016 1699 2046 si
1722 2016 1835 2046 salvas
1851 2016 1926 2046 illas

143 2069 291 2104 fecisset,
317 2070 403 2099 duas
426 2070 523 2109 regni
546 2075 663 2109 partes
687 2070 808 2100 tertias
831 2069 1011 2109 acciperet.
1057 2069 1167 2099 Huius
1190 2070 1350 2099 narrandi
1384 2069 1514 2100 formae
1539 2070 1729 2100 Pausanias
1753 2070 1851 2100 testis
1874 2078 1926 2101 est

144 2125 172 2158 2,
199 2124 245 2159 18,
269 2125 287 2154 4
323 2125 372 2155 ἐπὶ
394 2124 454 2162 γὰρ
476 2125 533 2162 τῆς
563 2124 663 2162 ἀρχῆς
698 2126 755 2162 τῆς
780 2124 997 2162 Ἀναξαγόρου
1021 2125 1078 2155 τοῦ
1100 2124 1221 2162 Ἄργου
1244 2126 1301 2155 τοῦ
1327 2124 1557 2163 Μεγαπένθους
1581 2124 1676 2162 μανία
1698 2126 1767 2163 ταῖς
1789 2125 1927 2161 γυναιξὶν

144 2179 305 2217 ἐνέπεσεν,
339 2180 534 2217 ἐκφοιτῶσαι
556 2180 591 2210 δὲ
614 2180 648 2210 ἐκ
671 2181 735 2210 τῶν
763 2179 870 2211 οἰκιῶν
893 2181 1079 2211 ἐπλανῶντο
1103 2179 1164 2210 ἀνὰ
1186 2180 1243 2217 τὴν
1265 2179 1381 2217 χώραν,
1413 2179 1447 2216 ἐς
1470 2179 1488 2209 ὃ
1511 2178 1707 2216 Μελάμπους
1803 2179 1925 2210 ἔπαυσε

143 2234 232 2271 σφᾶς
256 2235 312 2271 τῆς
332 2233 442 2271 νόσου,
477 2233 527 2271 ἐφ’
553 2233 578 2273 ᾧ
612 2243 645 2264 τε
677 2234 776 2272 αὐτὸς
802 2235 852 2264 καὶ
874 2234 892 2265 ὁ
916 2234 1059 2272 ἀδελφὸς
1082 2234 1157 2271 Βίας
1181 2230 1383 2272 Ἀναξαγόρᾳ
1413 2233 1449 2263 τὸ
1481 2232 1554 2264 ἴσον
1583 2233 1719 2264 ἕξουσιν.
1764 2231 1927 2264 Similiter

144 2287 320 2317 Diodorus
342 2288 370 2322 4,
394 2288 443 2323 68,
467 2288 486 2317 4
520 2287 589 2319 ἀντὶ
612 2289 647 2319 δὲ
672 2289 792 2326 ταύτης
824 2290 880 2326 τῆς
909 2288 1095 2327 εὐεργεσίας
1128 2287 1221 2326 χάριν
1243 2287 1336 2325 ἔλαβε
1357 2287 1443 2325 παρὰ
1465 2288 1521 2317 τοῦ
1543 2287 1701 2326 βασιλέως
1799 2285 1926 2319 Ἀναξα-

144 2341 242 2379 γόρου
267 2367 272 2372 .
291 2366 319 2372 ..
342 2342 381 2372 τὰ
404 2342 462 2373 δύο
493 2343 568 2380 μέρη
592 2344 649 2380 τῆς
673 2343 850 2380 βασιλείας
887 2343 1079 2380 κατοικήσας
1102 2343 1137 2373 δὲ
1161 2342 1196 2373 ἐν
1220 2340 1326 2380 Ἄργει
1349 2341 1457 2378 κοινὴν
1484 2340 1660 2378 ἐποιήσατο
1683 2342 1740 2379 τὴν
1764 2341 1926 2380 βασιλείαν

145 2395 251 2426 Βίαντι
280 2399 324 2435 τῷ
356 2395 497 2437 ἀδελφῷ.
540 2396 676 2426 Novum
701 2403 753 2426 est
777 2397 871 2436 quod
891 2396 995 2427 adicit
1018 2396 1205 2431 Diodorus,
1229 2395 1473 2436 Megapenthis
1496 2393 1599 2424 filiam
1623 2394 1832 2434 Iphianiram
1853 2395 1924 2426 Me-

144 2449 296 2489 lampodi
319 2455 461 2489 nuptum
485 2452 601 2481 datam
625 2460 718 2482 esse:
741 2452 844 2489 γήμας
867 2452 901 2482 δὲ
924 2452 981 2488 τὴν
1003 2449 1192 2489 Ἰφιάνειραν
1213 2450 1271 2487 τὴν
1287 2449 1519 2487 Μεγαπένθους
1545 2449 1721 2480 ἐτέκνωσεν
1736 2449 1924 2488 Ἀντιφάτην

145 2504 196 2533 καὶ
220 2503 340 2535 Μαντώ
365 2503 526 2540 (fortasse
549 2504 694 2536 Μάντιον
718 2504 960 2543 scribendum).
