2023 2891
969 216 1006 247 17

99 312 195 344 θάνεν
216 312 422 352 Ἀμφιάραος.
467 313 537 345 Sed
559 314 789 354 Polyphidem
812 315 943 347 Mantio
975 317 1065 357 patri
1101 317 1223 347 iratum
1249 328 1268 348 e
1289 318 1402 358 patria
1424 319 1653 360 Hyperesiam
1676 323 1875 363 emigrasse,

98 376 186 398 vers.
209 367 269 398 254
302 367 341 406 ὅς
365 367 397 406 ῥ’
421 367 644 407 Ὑπερησίηνδ’
667 369 876 402 ἀπενάσσατο
898 372 992 409 πατρὶ
1013 372 1178 410 χολωθείς,
1200 370 1212 412 ΙΙ
1234 372 1302 404 ἔνθ’
1326 373 1344 404 ὅ
1367 383 1403 410 γε
1425 375 1580 407 ναιετάων
1602 377 1775 414 μαντεύετο
1797 380 1876 410 πᾶσι

99 423 266 460 βροτοῖσιν.
311 422 506 462 Hyperesia
528 424 610 453 urbs
631 428 756 463 postea
779 424 912 464 Aegira
934 431 1060 456 vocata
1084 431 1145 456 est.

142 591 188 622 17.
227 591 359 622 Fabula
381 592 424 622 de
440 591 643 631 Polyphidis
666 592 820 622 discessu
842 593 887 622 ad
902 592 1178 632 Hyperesienses
1201 596 1344 635 egregie
1366 596 1451 628 favit
1469 596 1654 629 Clisthenis
1670 599 1829 632 consiliis.

176 645 393 675 Eruditorum
411 645 616 686 coniectura,
632 656 696 685 pro
713 645 831 685 ignoto
849 646 1042 686 Polyphide
1057 648 1303 679 nobilissimum
1319 649 1503 690 Polyidum
1521 653 1792 685 substituendum

661 709 748 736 esse,
772 700 961 740 speciosior
985 706 1037 731 est
1060 711 1161 740 quam
1184 703 1307 734 verior.

247 800 410 832 Caussam
434 800 553 830 mutati
575 800 720 830 nominis
743 799 931 830 Pausanias
954 799 981 839 7,
1001 800 1047 835 16,
1062 801 1143 831 2—4
1163 807 1302 832 narrata
1324 802 1466 842 pulchra
1488 804 1616 836 fabella
1641 808 1792 846 exponit.
1831 809 1869 841 In

97 855 399 896 Hyperesiensium
431 854 516 885 fines
539 853 688 894 Sicyonii
718 853 806 884 forte
831 859 998 884 armatam
1021 853 1245 886 incursionem
1277 857 1482 896 necopinato
1506 858 1667 892 fecerant.
1712 861 1870 902 Hypere-

97 910 234 946 sienses,
269 909 325 948 qui
351 910 394 939 ad
418 919 492 939 earn
515 918 586 938 rem
610 908 769 947 imparati
792 913 916 945 essent,
953 918 1016 939 nec
1049 909 1225 948 copiarum
1248 909 1377 940 viribus
1401 921 1437 941 se
1461 912 1544 943 satis
1572 923 1674 953 pares
1698 917 1870 955 sentirent,

95 965 139 994 ad
160 964 307 994 facetum
331 963 413 993 satis
437 968 647 1002 strategema
674 962 910 1002 confugerunt.
956 962 1155 1002 Camarum,
1191 974 1335 1003 quarum
1368 965 1401 995 in
1438 967 1582 998 saltibus
1617 969 1686 999 suis
1708 980 1871 1011 magnam

97 1018 162 1048 vim
184 1018 369 1052 habebant,
393 1017 541 1056 amplum
563 1026 709 1056 gregem
736 1016 768 1046 in
791 1021 907 1046 monte
929 1017 1186 1049 constituerunt.
1232 1018 1328 1054 Tum,
1352 1020 1462 1050 noctis
1487 1022 1639 1052 tenebris
1663 1024 1803 1065 obortis,
1837 1026 1870 1057 in

94 1082 210 1103 earum
234 1082 361 1103 cornua
381 1072 541 1102 ardentes
563 1070 657 1101 faces
680 1071 930 1110 adligaverunt,
961 1071 1084 1111 quibus
1106 1073 1323 1103 adventantis
1347 1073 1483 1104 iamiam
1515 1085 1578 1114 per
1600 1081 1737 1108 noctem
1761 1080 1869 1110 socio-

92 1137 165 1157 rum
190 1127 362 1157 exercitus
395 1125 528 1165 species
552 1125 703 1156 excitata
730 1130 791 1157 est.
837 1124 989 1165 Sicyonii
1020 1125 1241 1165 inexpectato
1276 1126 1334 1156 illo
1369 1127 1498 1158 auxilio
1534 1129 1663 1160 scilicet
1696 1133 1870 1164 conterriti

91 1186 205 1212 castra
227 1191 246 1211 e
267 1179 391 1210 finibus
415 1179 719 1219 Hyperesiensium
741 1186 923 1210 moverunt
945 1185 979 1211 et
1001 1180 1128 1211 infecta
1148 1191 1186 1212 re
1210 1182 1347 1212 domum
1370 1183 1552 1215 redierunt.
1591 1184 1867 1225 Hyperesienses

90 1240 234 1275 propter
256 1236 323 1265 hoc
346 1244 523 1274 caprarum
541 1234 697 1264 meritum
721 1234 754 1263 in
779 1234 851 1264 eius
874 1235 1131 1275 strategematis
1147 1236 1345 1266 memoriam
1367 1236 1443 1267 urbi
1468 1248 1551 1268 suae
1573 1249 1700 1270 novom
1716 1251 1736 1271 a
1756 1243 1868 1282 capris

90 1299 213 1319 nomen
237 1289 433 1319 indiderunt
455 1298 600 1327 eamque
622 1288 790 1328 Aegiram
813 1295 987 1319 vocarunt.
1032 1289 1166 1320 Dianae
1189 1289 1397 1330 Agroterae‚
1426 1291 1520 1322 cuius
1545 1302 1612 1332 ope
1636 1296 1811 1327 consilium
1834 1298 1867 1328 in

90 1349 238 1374 mentem
263 1343 326 1373 sibi
350 1343 485 1374 venisse
511 1343 750 1382 opinabantur,
780 1344 902 1373 aedem
926 1354 966 1374 eo
989 1344 1067 1374 loco
1095 1343 1326 1380 aedificarunt,
1361 1345 1393 1375 in
1418 1355 1485 1385 quo
1509 1356 1687 1386 caprarum
1710 1351 1866 1389 pulcher-

88 1399 189 1433 rima,
223 1407 312 1438 quae
345 1397 409 1428 toti
442 1397 543 1437 gregi
575 1397 736 1437 princeps
768 1398 1094 1437 praegrediebatur,
1129 1398 1274 1437 primurn
1306 1400 1562 1438 procubuisset,
1596 1401 1696 1434 Paus.
1725 1404 1751 1441 7,
1776 1406 1824 1442 26,
1848 1408 1867 1437 3

87 1453 287 1491 Ὑπερησιεῖς
310 1453 345 1483 δὲ
368 1455 405 1492 τῇ
429 1462 462 1483 τε
485 1452 575 1483 πόλει
599 1452 636 1483 τὸ
659 1451 760 1489 ὄνομα
781 1452 818 1483 τὸ
841 1454 899 1483 νῦν
921 1453 1090 1491 μετέθεντο
1124 1452 1186 1483 ἀπὸ
1208 1455 1272 1484 τῶν
1296 1453 1394 1490 αἰγῶν
1417 1454 1467 1485 καὶ
1490 1455 1599 1487 καθότι
1621 1456 1728 1489 αὐτῶν
1750 1459 1768 1497 ἡ
1793 1462 1865 1492 καλ-

86 1508 176 1545 λίστη
209 1508 260 1538 καὶ
282 1507 440 1545 ἡγουμένη
474 1507 538 1537 τῶν
571 1506 678 1537 ἄλλων
711 1506 866 1545 ὤκλασεν,
900 1506 1081 1545 Ἀρτέμιδος
1111 1503 1305 1545 Ἀγροτέρας
1335 1508 1529 1546 ἐποιήσαντο
1561 1509 1658 1548 ἱερόν.
1711 1511 1750 1542 In
1778 1514 1866 1545 hanc

86 1562 189 1602 igitur
211 1562 333 1592 urbem
353 1560 582 1600 Polyphidem
605 1566 748 1600 propter
768 1561 906 1590 iniurias
941 1571 960 1590 a
983 1566 1081 1600 patre
1104 1560 1234 1591 Mantio
1270 1561 1333 1591 sibi
1369 1561 1478 1592 factas
1499 1563 1669 1603 migrasse
1690 1565 1864 1599 Homerus

84 1621 210 1646 narrat.

232 1669 445 1703 Leutschius,
468 1669 635 1699 Thebaid.
660 1669 743 1709 cycl.
755 1668 794 1699 fr.
807 1679 838 1708 p.
853 1670 901 1705 48,
925 1674 1112 1708 praeeunte
1136 1669 1334 1705 Welckero,
1359 1670 1630 1711 Aeschyleische
1652 1673 1859 1714 Tri1.p.211,

82 1734 205 1754 nomen
229 1721 466 1763 “Feb'plzides''
490 1723 522 1752 in
546 1722 775 1762 suspicionem
810 1724 957 1757 vocavit,
993 1724 1085 1762 quod
1118 1724 1183 1754 hoc
1214 1733 1339 1754 nomen
1373 1725 1499 1755 homini
1533 1726 1742 1758 vaticinandi
1777 1730 1860 1760 artis

82 1777 301 1817 peritissumo
324 1787 390 1807 non
413 1777 608 1812 conveniat;
642 1775 722 1811 vati,
759 1777 866 1816 inquit
890 1777 1102 1815 Leutschius,
1129 1777 1233 1818 plane
1256 1777 1406 1818 ineptum
1429 1781 1478 1809 est
1500 1790 1617 1810 nomen
1643 1781 1860 1823 Πολυφείδης.

82 1831 279 1862 Eustathius
303 1832 346 1861 de
370 1836 511 1861 accentu
536 1831 708 1862 disserens
732 1832 779 1862 ita
801 1832 952 1871 explicat
975 1841 1006 1871 p.
1034 1832 1120 1867 1967,
1146 1832 1185 1863 20
1207 1834 1405 1872 πολυφειδὴς
1428 1835 1486 1872 μὲν
1509 1835 1691 1874 ἐπιθετικῶς
1714 1837 1732 1868 ὁ
1754 1839 1859 1870 πολλὰ

81 1886 284 1925 φειδόμενος,
306 1885 513 1924 Πολυφείδης
535 1887 569 1917 δὲ
594 1886 710 1924 κύριον.
743 1885 816 1916 Iam
839 1896 921 1916 vero
944 1886 976 1915 in
992 1885 1324 1925 Melampodidarum
1346 1888 1512 1928 prosapia
1534 1889 1742 1921 clarissimus
1758 1897 1857 1923 vates

81 1940 215 1970 nomine
239 1938 398 1977 Jblyz‘dus
421 1940 576 1975 occurrit,
605 1939 751 1970 Coerani
773 1939 870 1975 filius,
905 1940 999 1970 euius
1020 1950 1155 1975 nomen,
1190 1940 1217 1971 si
1241 1942 1334 1981 quod
1356 1951 1515 1982 unquam,
1550 1944 1621 1974 vati
1652 1946 1859 1977 conveniens

81 1999 140 2024 est.
184 1994 349 2033 Polyidus
374 1993 519 2024 Coerani
542 1992 629 2024 filius
652 2000 750 2024 vates
781 1999 833 2025 est
866 1994 898 2024 in
922 1994 1066 2024 Adrasti
1097 1995 1252 2026 exercitu
1285 2001 1404 2026 contra
1435 1997 1575 2028 Thebas
1608 2004 1687 2038 post
1710 1999 1857 2040 Amphi-

80 2058 197 2078 araum
218 2048 469 2083 nobilissumis,
493 2047 698 2079 Athenaeus
720 2048 783 2084 XI,
810 2050 836 2083 l,
860 2058 892 2088 p.
916 2049 991 2084 459;
1017 2047 1172 2079 Corinthi
1195 2050 1402 2081 domicilium
1424 2052 1539 2086 habet,
1563 2052 1659 2083 Pind.
1685 2052 1736 2084 Ol.
1757 2053 1856 2089 XIII,

81 2103 132 2140 75;
153 2101 249 2133 Iliad.
272 2113 303 2133 v.
327 2103 387 2133 663
411 2112 484 2142 sqq.
530 2101 660 2133 Suadet
682 2102 786 2142 igitur
808 2101 1020 2138 LeutschiuS,
1045 2107 1082 2133 ut
1104 2102 1137 2133 in
1166 2104 1224 2134 illo
1247 2103 1428 2144 Odysseae
1452 2106 1529 2135 loco
1553 2116 1580 2142 o,
1605 2107 1769 2138 249—255
1792 2118 1856 2147 pro

79 2155 282 2196 Polyphide,
315 2156 372 2196 qui
402 2156 549 2187 traditus
585 2164 646 2192 est,
678 2157 877 2187 restituatur
911 2157 1085 2197 Polyidus
1141 2157 1288 2195 Etenim,
1321 2159 1437 2199 inquit,
1477 2158 1707 2191 restituendus
1736 2163 1785 2191 es!
1817 2161 1855 2192 in

81 2209 193 2250 Odyss.
210 2210 265 2242 l.c.
287 2211 475 2249 Πολύειδος,
500 2236 527 2242 ..
547 2237 552 2242 .
575 2210 664 2251 quod
683 2210 844 2241 evincunt
864 2221 892 2241 v.
905 2211 981 2243 263.
993 2212 1069 2243 254.
1114 2211 1214 2251 Quod
1239 2219 1353 2243 autem
1376 2213 1450 2244 aliis
1473 2214 1518 2243 ibi
1541 2214 1729 2245 maioribus
1752 2215 1853 2256 Poly-

78 2264 200 2303 phides
229 2271 324 2295 ortus
347 2265 489 2300 dicatur,
524 2275 627 2304 quam
649 2264 795 2305 Polyido
831 2265 1045 2296 Coeranidae
1070 2265 1272 2305 plerumque
1307 2265 1507 2302 tribuantur,
1541 2268 1608 2297 hoc
1641 2277 1709 2298 non
1738 2269 1855 2308 magni

77 2318 240 2348 momenti
263 2329 349 2354 esse,
384 2319 546 2359 quoniam
574 2324 756 2349 stemmata
790 2329 896 2359 saepe
929 2329 1119 2359 progressu
1151 2325 1345 2360 temporum
1379 2325 1510 2352 mutata
1544 2322 1619 2352 sint.
1665 2322 1736 2354 Sed
1766 2324 1853 2354 haec

77 2371 254 2403 Welckeri
277 2378 311 2403 et
332 2373 515 2412 Leutschii‚
538 2373 689 2403 virorum
710 2374 922 2410 eximiorum,
946 2374 1141 2405 coniectura
1163 2374 1352 2413 speciosior
1376 2380 1437 2410 est,
1469 2385 1572 2414 quam
1593 2376 1717 2407 verior.
1761 2377 1851 2407 Nam

75 2431 112 2456 ut
134 2436 222 2457 nunc
244 2427 374 2457 mittam
400 2427 631 2458 coniecturam
654 2438 674 2458 a
696 2427 880 2459 Leutschio
906 2429 948 2458 de
973 2428 1162 2459 stemmatis
1178 2429 1394 2459 commutatis
1415 2430 1639 2469 propositam,
1665 2440 1753 2470 quae
1776 2431 1853 2470 ipsa

75 2480 142 2510 iarn
164 2480 326 2510 audacior
350 2481 492 2517 videtur,
517 2491 618 2521 quam
641 2491 730 2521 quae
747 2482 880 2512 admitti
902 2483 1021 2521 possit,
1042 2482 1186 2513 nominis
1201 2482 1337 2523 Polyidi
1359 2483 1470 2514 forma
1485 2485 1611 2515 obstat.
1646 2484 1852 2525 Polyphidis

74 2543 197 2565 nomen
218 2534 272 2565 bis
301 2534 334 2564 in
366 2544 447 2565 casu
482 2535 622 2575 obliquo
648 2536 855 2575 Πολυφείδεα
889 2536 1070 2576 Odysseae
1103 2536 1159 2567 illo
1181 2537 1258 2567 loco
1283 2538 1431 2577 positum
1455 2544 1515 2569 est.
1558 2538 1630 2569 Iam
1653 2538 1681 2569 si
1703 2537 1850 2569 formam

1633 2606 1649 2630 3
