2023 2891
946 189 959 218 1
965 189 983 218 :3

75 291 257 323 Clisthenis
280 297 425 322 mortem
458 300 548 321 anno
580 290 704 329 phylas
726 288 906 328 Sicyonias
941 289 1081 328 antiqua
1114 289 1251 319 nomina
1283 290 1542 329 recuperavisse
1577 295 1703 325 narrat,
1739 295 1852 320 tamen

75 351 172 376 vetus
194 346 397 385 anagrapha
420 354 540 385 regum
557 344 714 374 restituta
729 353 795 372 non
813 349 874 378 est,
899 342 1000 373 immo
1024 343 1056 373 in
1081 343 1216 373 occulto
1239 343 1345 374 vitam
1368 344 1554 383 ignobilem
1578 344 1693 383 egisse
1717 344 1852 374 videtur

75 409 150 430 eum
173 400 204 430 in
229 401 375 434 modum,
399 405 435 429 ut
458 403 539 428 nota
562 397 655 437 apud
672 396 852 436 Sicyonios
879 396 1015 436 quidem
1038 403 1140 432 esset,
1164 398 1226 428 sed
1249 398 1338 428 ultra
1360 404 1475 428 terrae
1497 397 1581 429 fines
1605 398 1664 428 vix
1687 397 1720 428 in
1742 398 1851 428 cuius-

75 463 177 493 quam
206 453 327 484 notitia
360 451 570 484 constantius
601 452 769 482 haereret.
815 450 1008 482 Clisthenes
1042 451 1171 491 duplex
1206 452 1435 491 potissumum
1470 452 1683 491 propositum
1717 451 1749 481 in
1772 461 1851 481 ana·

74 507 209 546 grapha
232 506 395 536 mutanda
418 511 555 535 secutus
579 510 665 534 erat:
698 503 843 543 primum
878 503 984 543 (quod
1019 505 1161 545 egregie
1184 506 1363 545 perspexit
1386 505 1425 537 O.
1449 505 1605 537 Frickius
1628 506 1661 535 in
1683 505 1851 549 Fleckeis.

74 561 163 592 Ann.
188 562 253 591 vol.
279 561 336 592 107
362 559 470 597 (1873)
496 569 527 598 p.
553 559 610 589 707
635 564 722 597 sqq.)
757 558 938 597 Hippolyti
962 564 995 589 et
1016 558 1231 589 Lacestadae
1254 570 1376 599 regum
1398 560 1545 595 nomina,
1579 560 1635 599 qui
1662 559 1850 600 Agamem-

74 615 172 645 nonis
189 626 226 646 se
241 613 446 655 principatui
462 622 583 652 parum
600 611 786 642 honorifice
804 612 1038 647 subiecissent,
1063 624 1081 644 e
1097 612 1195 643 fastis
1212 623 1334 653 regum
1351 614 1500 645 sustulit:
1524 614 1647 645 deinde
1661 613 1852 644 Adrastum

75 680 95 699 a
117 669 261 709 Polybo,
297 668 393 699 cuius
416 667 448 697 in
472 667 619 706 antiquis
642 665 741 696 fastis
763 666 943 705 proximus
965 676 1142 697 successor
1165 674 1248 702 erat,
1284 674 1321 698 ut
1342 678 1452 708 nepos
1476 677 1520 698 ex
1544 667 1613 698 filia
1635 667 1850 708 Lysimacha,

75 723 183 753 Talao
206 728 311 762 nupta
335 721 462 760 (Schol.
487 721 584 752 Pind.
596 730 628 759 p.
641 721 702 751 493
725 719 837 759 extr.),
868 721 1010 750 duorum
1034 730 1164 760 regum,
1186 721 1303 752 Inachi
1328 727 1362 752 et
1384 722 1535 758 Phaesti,
1558 722 1684 762 regnis,
1709 722 1774 752 hoc
1797 726 1851 752 est

74 777 166 807 haud
189 777 298 807 minus
321 775 569 815 quinquaginta
591 774 696 809 annis,
721 774 864 804 diremit.

221 830 480 860 Postremorum
493 829 596 869 igitur
618 828 651 858 in
672 828 838 858 ambabus
860 828 1068 868 anagraphis
1092 839 1214 868 regum
1236 829 1406 860 successio
1429 829 1514 860 haec
1538 835 1598 860 est.
1639 829 1676 859 In
1704 829 1852 869 antiqua,

75 884 289 916 Menaechmi
313 883 490 923 diligentia
511 883 555 913 ad
578 892 642 912 nos
663 882 865 912 transmissa
888 883 980 921 apud
1003 882 1103 912 Paus.
1127 884 1155 918 2.
1179 884 1208 917 6,
1231 884 1264 914 6:
1300 882 1447 923 Polybus,
1477 883 1656 921 Adrastus,
1688 883 1851 917 Ianiscus,

74 939 242 971 Hmestus,
267 936 471 978 Zeuxippus,
497 935 707 977 Ηιβρωζγΐιιε,
735 935 944 966 Laccsfadas.
986 936 1024 966 In
1049 936 1245 968 Clisthenea
1267 937 1324 976 (cf.
1341 937 1466 968 Euseb.
1484 938 1549 968 vol.
1566 937 1606 968 II.
1625 938 1677 968 ed.
1695 936 1853 968 Schoene

73 1003 105 1033 p.
129 994 251 1024 45—53
275 999 309 1023 et
332 991 480 1031 Syncell.
503 992 555 1022 ed.
579 990 680 1020 Dind.
703 999 735 1029 p.
761 990 821 1020 279
846 1000 895 1030 sq.
918 996 951 1020 et
974 1001 1006 1030 p.
1031 991 1105 1026 287)
1129 991 1276 1032 Polybus,
1302 991 1457 1027 Inachus,
1479 992 1648 1026 Plzacslus,
1671 991 1851 1025 Adrastus,

75 1045 277 1088 Pobphz'dcs‚
307 1046 477 1086 H'lasgas‚
502 1043 706 1085 mez‘pjms.
753 1043 944 1075 Clisthenes
978 1045 1082 1085 igitur
1104 1046 1267 1076 Inachum
1291 1052 1324 1077 et
1352 1046 1538 1076 Phaestum
1572 1047 1659 1077 inter
1682 1046 1851 1085 Polybum

75 1108 108 1133 et
130 1101 322 1132 Adrastum
345 1100 522 1131 interiecit.
567 1098 621 1129 Ac
648 1099 794 1138 primum
817 1099 955 1138 quidem
979 1105 1029 1130 tot
1062 1101 1199 1130 nomina
1232 1100 1345 1131 inania
1366 1111 1386 1130 a
1410 1106 1557 1140 tyranno
1581 1100 1680 1140 quasi
1702 1101 1747 1130 ad
1768 1099 1852 1129 lubi-

75 1156 188 1186 dinem
211 1156 357 1189 adiecta,
393 1155 607 1185 stomachum
635 1163 775 1183 movere
807 1154 950 1193 possint.
995 1153 1177 1194 Quomodo
1204 1155 1292 1185 enim
1319 1155 1422 1184 homo
1453 1164 1593 1193 sperare
1615 1154 1735 1194 potuit,
1771 1153 1852 1189 fore,

74 1217 110 1240 ut
131 1209 391 1241 commenticiae
413 1209 491 1238 illae
514 1209 655 1238 umbrae
679 1213 712 1237 et
735 1207 821 1247 regii
845 1207 1019 1238 cuiusdam
1051 1209 1183 1238 cerebri
1206 1209 1319 1248 potius
1350 1208 1519 1238 insomnia
1541 1213 1575 1239 et
1599 1209 1852 1248 phantasmata,

75 1274 177 1304 quam
200 1274 303 1294 verae
327 1273 448 1303 regum
468 1262 635 1302 imagines
656 1260 759 1291 fidem
783 1262 837 1291 vel
860 1261 974 1301 pueris
997 1261 1168 1293 facerent?
1206 1263 1334 1293 Tamen
1357 1263 1548 1293 accuratius
1564 1272 1601 1293 re
1623 1262 1851 1295 considerata,

75 1318 198 1352 mitius,
229 1318 359 1357 opinor,
396 1316 630 1347 iudicabimus.
675 1316 752 1346 Non
775 1322 853 1345 sunt
883 1316 970 1346 enim
1000 1317 1086 1346 haec
1118 1316 1264 1353 nomina,
1299 1317 1333 1346 id
1356 1317 1448 1356 quod
1472 1316 1642 1351 videntur,
1675 1317 1718 1347 de
1749 1315 1853 1346 nihilo

75 1378 220 1412 sumpta.
264 1372 372 1402 Immo
395 1371 422 1401 si
446 1371 534 1401 iuste
556 1375 717 1409 recteque
742 1379 860 1400 eorum
885 1370 934 1399 vis
957 1369 1150 1401 definienda
1174 1370 1226 1405 sit,
1251 1376 1329 1400 sunt
1350 1370 1407 1400 illa
1430 1370 1545 1409 potius
1566 1371 1755 1401 studiorum
1779 1380 1852 1400 eru-

77 1426 225 1456 ditorum
243 1436 263 1456 a
281 1425 454 1456 Clisthene
472 1424 610 1463 eiusque
628 1423 803 1453 sodalibus
825 1424 857 1453 in
873 1423 1132 1463 antiquitatibus
1149 1423 1318 1464 Sicyoniis
1334 1423 1527 1463 positorum
1543 1423 1646 1454 flores
1661 1429 1696 1454 et
1714 1423 1852 1457 fructus,

76 1481 119 1511 de
144 1480 277 1519 quibus,
300 1480 327 1510 si
350 1479 431 1519 quid
454 1479 565 1513 video,
599 1478 674 1518 ipse
705 1483 798 1508 certe
825 1478 1016 1509 Clisthenes
1040 1478 1189 1508 minume
1223 1484 1294 1508 tam
1317 1477 1540 1518 contemptim
1562 1478 1732 1508 iudicavit.
1777 1477 1852 1508 Hoc

76 1534 108 1564 in
132 1534 274 1574 singulis
297 1533 490 1563 nominibus
513 1533 626 1572 paullo
650 1532 808 1562 subtilius
832 1531 1051 1561 considerare
1075 1541 1203 1571 operae
1226 1532 1373 1571 pretium
1396 1532 1469 1562 erit.

209 1705 254 1734 13.
300 1704 386 1734 Num
411 1702 590 1743 probabile
615 1703 666 1737 sit,
693 1701 812 1732 lum-lm*
834 1703 926 1741 apud
949 1702 1134 1733 Eusebium
1158 1712 1280 1733 nomen
1305 1713 1348 1733 ex
1372 1701 1505 1732 lam'scz'
1526 1703 1557 1732 in
1581 1703 1722 1742 antiqua

145 1759 347 1798 anagrapha
369 1758 504 1788 nomine
527 1758 723 1796 corruptela
746 1763 857 1787 ortum
881 1767 967 1787 esse.
1013 1756 1160 1786 Nomina
1182 1758 1325 1787 heroum
1348 1763 1417 1787 tam
1440 1757 1473 1786 in
1496 1756 1652 1791 Boeotia,
1676 1766 1779 1796 quam

778 1810 928 1850 Sicyone
954 1810 1153 1842 domestica.

222 1913 357 1943 Primus
380 1911 493 1952 igitur,
517 1912 573 1951 qui
593 1917 673 1951 post
696 1911 867 1951 Polybum
890 1911 1045 1951 sequitur
1073 1911 1215 1941 [mathus
1238 1917 1299 1942 est.
1335 1911 1412 1942 Hoc
1433 1921 1556 1942 nomen
1579 1922 1599 1942 a
1624 1911 1797 1942 Clisthene
1821 1911 1852 1941 in

75 1967 185 1998 indice
208 1977 327 2007 regum
351 1967 500 2006 positum
516 1971 701 2005 propterea
724 1964 900 1996 mirificum
924 1965 1033 1996 videri
1050 1966 1168 2005 possit,
1190 1967 1283 2005 quod
1299 1966 1415 1996 Inachi
1432 1965 1524 1995 fluvii
1547 1972 1581 1996 et
1601 1965 1715 1996 herois
1731 1975 1854 1996 nomen

76 2031 151 2052 curn
175 2021 282 2061 Argis
306 2020 615 2051 coniunctissimum
647 2030 807 2050 maxume
839 2019 1074 2050 contradicere
1098 2020 1233 2050 videtur
1258 2020 1436 2060 principali
1459 2020 1539 2060 legi,
1573 2030 1676 2059 quarn
1710 2019 1743 2049 in
1773 2029 1854 2050 ana-

75 2077 209 2116 grapha
233 2086 294 2105 sua
319 2075 557 2114 componenda
583 2074 772 2105 Clisthenes
795 2073 859 2104 sibi
882 2074 1082 2113 scripserat:
1112 2080 1150 2104 ut
1172 2074 1384 2114 Argivorum
1409 2074 1578 2114 Sicyoniis
1608 2075 1711 2105 rebus
1734 2084 1771 2105 se
1794 2074 1855 2104 im-

75 2130 286 2161 miscentium
310 2129 510 2160 memoriam
534 2139 579 2159 ex
595 2129 772 2159 annalibus
789 2128 960 2169 Sicyoniis
984 2128 1212 2169 extingueret.
1252 2129 1328 2159 Hac
1344 2139 1467 2160 caussa
1482 2134 1659 2168 permotus
1675 2128 1708 2158 in
1725 2127 1853 2161 blachi,

75 2186 132 2225 qui
155 2192 207 2215 est
237 2185 328 2224 apud
351 2183 535 2214 Eusebium
559 2189 591 2213 et
615 2182 811 2222 Syncellum
844 2183 978 2213 nomine
1012 2181 1143 2212 sanz'scz'
1172 2183 1286 2222 potius
1310 2193 1434 2213 nomen
1470 2183 1579 2213 latere
1615 2182 1694 2212 olim
1727 2182 1854 2221 putavi.

75 2240 162 2270 Nam
185 2239 336 2269 Ianiscus
358 2238 390 2268 in
415 2238 553 2277 antiqua
576 2237 642 2267 iam
658 2238 860 2277 anagrapha
882 2238 959 2267 loco
976 2237 1160 2267 admodum
1177 2237 1288 2268 vicino
1304 2238 1437 2277 positus
1454 2243 1521 2273 est;
1543 2237 1731 2268 Phaestum
1754 2246 1853 2276 prae—

76 2294 175 2329 cedit,
198 2293 388 2323 Adrastum
411 2292 572 2332 sequitur.
616 2291 715 2323 PauS.
737 2294 765 2332 2,
788 2294 816 2327 6,
841 2293 859 2323 6
882 2287 1062 2330 Ἀδράστου
1086 2292 1121 2330 ἐς
1145 2291 1261 2330 Ἄργος
1285 2292 1497 2330 κατελθόντος
1520 2286 1673 2330 Ἰανίσκος
1689 2291 1853 2328 ἀπόγονος

78 2349 208 2380 Κλυτίου
308 2348 526 2386 ἐβασίλευσεν,
551 2347 773 2385 ἀποθανόντος
797 2348 832 2378 δὲ
856 2346 1009 2377 Ἰανίσκου
1032 2346 1184 2384 Φαῖστος.
1220 2345 1261 2377 cf.
1285 2346 1503 2376 Prooemium
1526 2346 1630 2377 schol.
1654 2345 1762 2376 Bonn.
1785 2345 1852 2375 hib.

77 2403 214 2440 1883784
239 2411 270 2441 p.
294 2402 343 2432 21.
388 2401 486 2431 Hanc
510 2400 738 2431 coniecturam
771 2406 896 2440 postea
918 2401 962 2430 ab
990 2400 1056 2430 alio
1083 2400 1150 2430 iam
1182 2405 1386 2440 occupatam
1419 2400 1576 2440 cognovi,
1613 2411 1633 2430 a
1656 2399 1853 2438 Vindingi0‚

78 2457 170 2487 cuius
210 2465 340 2486 memor
375 2462 427 2486 est
451 2455 659 2488 Siebelisius.
695 2455 772 2486 edit.
796 2455 897 2486 Paus.
923 2455 988 2484 vol.
1012 2454 1025 2484 Ι
1050 2455 1234 2494 Explicatt.
1259 2465 1292 2495 p.
1318 2455 1384 2489 179,
1423 2454 1479 2494 qui
1512 2452 1722 2494 l'z'ndingz‘us
1748 2453 1855 2493 inquit

76 2509 268 2542 Eusebium.
292 2508 355 2550 qm'
370 2512 432 2549 pra
457 2507 586 2539 lanz'sco
612 2509 780 2543 Inachum,
801 2509 903 2542 habcl,
928 2507 1086 2539 corn-xil.
1121 2509 1189 2541 Sed
1211 2509 1296 2539 haec
1322 2508 1528 2544 coniectura,
1553 2513 1588 2538 ut
1611 2513 1664 2538 est
1686 2507 1854 2547 speciosa.
