2023 2891
441 351 489 382 21.
533 349 767 390 Amphiaraus
791 351 987 382 iniuriarum
1008 352 1099 391 patri
1122 351 1209 383 Oi'cli
1235 352 1415 383 inlatarum
1437 353 1534 384 ultor.

254 455 323 487 Sed
346 455 580 495 Amphiaraus
603 464 678 485 curn
711 455 929 491 adolevisset,
964 456 1110 495 primum
1138 458 1203 488 hoc
1231 457 1295 487 sibi
1322 458 1554 488 adcurandum
1584 458 1802 495 existimavit,
1837 469 1882 490 ne

104 510 247 550 insignis
264 510 320 540 illa
344 515 377 540 et
400 515 500 540 atrox
523 509 653 544 iniuria,
677 520 780 550 quam
802 515 835 540 et
858 516 957 550 pater
978 510 1050 541 eius
1074 516 1107 541 et
1130 514 1203 550 ipse
1225 512 1268 541 ab
1292 511 1427 541 homine
1444 512 1635 551 propinquo
1652 513 1875 552 accepissent,

104 564 251 604 impunis
274 563 320 594 illi
344 570 443 594 esset.
489 563 720 604 Amphiaraus
743 564 855 604 igitur,
888 565 989 595 sociis
1011 565 1202 605 adsumptis
1225 566 1493 606 Anaxagoridis,
1522 565 1618 605 Iphie
1648 571 1681 597 et
1705 565 1878 606 Capaneo,

103 619 231 649 bellum
255 618 363 648 Talao
388 618 529 657 eiusque
551 617 638 657 filiis,
660 618 822 649 Pronacti
844 624 878 649 et
900 618 1063 653 Adrasto,
1089 619 1209 650 intulit.
1253 619 1291 649 In
1315 630 1356 650 eo
1385 620 1476 650 bello
1508 620 1629 650 iustior
1658 631 1780 651 caussa
1810 621 1877 651 vic-

104 673 173 703 trix
196 672 277 703 fuit:
301 672 429 702 Talaus
451 672 525 711 ipse
549 677 582 702 et
603 671 745 702 Pronax
775 677 833 702 aut
859 673 891 702 in
920 672 1052 711 proelio
1083 673 1186 703 occisi
1209 679 1286 703 sunt
1311 679 1369 704 aut
1402 674 1501 714 regni
1534 684 1622 705 nunc
1656 675 1739 714 ipsis
1772 675 1881 714 erepti

104 726 222 757 dolore
245 726 429 766 perierunt.
475 725 552 757 Sch.
576 725 673 756 Pind.
698 726 795 756 Nem.
818 726 882 761 IX,
906 736 938 766 p.
963 727 1024 758 494
1047 726 1116 757 init.
1137 728 1278 766 διαφορὰ
1301 728 1336 758 δὲ
1359 728 1491 766 ἐγενήθη
1515 730 1582 766 τοῖς
1598 729 1670 767 περὶ
1685 724 1883 768 Ἀμφιάραον

103 781 154 812 καὶ
178 781 368 819 Ἄδραστον,
389 780 472 812 ὥστε
495 781 551 812 τὸν
575 781 631 819 μὲν
652 780 780 811 Ταλαὸν
808 780 871 812 ὑπὸ
895 780 1094 820 Ἀμφιαράου
1124 781 1308 821 ἀποθανεῖν,
1335 782 1392 813 τὸν
1421 783 1455 813 δὲ
1482 781 1666 821 Ἄδραστον
1694 785 1806 821 φυγεῖν
1835 783 1881 822 εἰς

106 837 258 874 Σικυῶνα,
282 842 315 866 et
338 834 415 866 Sch.
440 835 536 865 Pind.
560 845 592 875 p.
616 835 677 865 493
701 841 788 866 extr.
813 845 857 865 ex
882 834 1118 870 Menaechmo,
1154 835 1210 875 qui
1233 836 1299 866 hoc
1322 846 1459 875 quoque
1487 836 1677 872 addiderat,
1714 837 1797 867 satis
1826 837 1883 867 diu

104 890 211 920 Talao
236 896 269 919 et
290 888 359 919 filio
383 889 546 920 Pronacti
568 889 763 929 contigisse,
794 895 830 920 ut
853 890 984 929 praeda
1008 900 1070 920 sua
1099 889 1302 926 fruerentur,
1336 896 1479 930 propter
1512 896 1666 922 teneram
1699 891 1883 922 etiamtunc

105 943 304 983 Amphiarai
328 948 492 974 aetatem:
515 943 639 981 Χρόνου
665 943 882 982 προελθόντος
897 946 1018 975 πολλοῦ
1035 944 1173 982 Πρῶναξ
1189 945 1245 982 μὲν
1261 945 1279 975 ὁ
1295 944 1423 976 Ταλαοῦ
1447 971 1452 976 .
1477 971 1482 976 .
1509 970 1514 976 .
1539 945 1718 984 βασιλεύων
1735 945 1884 984 Ἀργείων

104 998 297 1036 ἀποθνήσκει
320 998 609 1036 καταστασιασθεὶς
636 998 699 1029 ὑπὸ
726 997 923 1036 Ἀμφιαράου
946 1023 952 1029 .
975 1023 980 1028 .
1005 1023 1010 1029 .
1034 999 1085 1029 καὶ
1107 1000 1171 1030 τῶν
1187 998 1448 1037 Ἀναξαγοριδῶν.
1471 999 1559 1029 conf.
1572 999 1800 1039 potissumum
1819 999 1882 1039 Ty.

103 1052 302 1089 Mommsen,
328 1052 484 1093 Parerga
506 1052 601 1082 Pind.
626 1052 659 1082 in
681 1052 801 1092 Progr.
826 1052 1130 1083 Moenofrancfurt.
1159 1054 1235 1084 1877
1259 1063 1290 1093 p.
1315 1054 1343 1084 9.

248 1107 322 1141 His,
347 1117 436 1147 quae
460 1107 692 1147 exposuimus,
717 1107 942 1138 consideratis
970 1108 1037 1137 iam
1065 1107 1212 1138 fortasse
1242 1107 1414 1138 succincta
1442 1113 1476 1138 et
1506 1108 1705 1147 ponderosa
1728 1107 1884 1138 Pindari-

105 1172 222 1193 corum
252 1163 437 1193 verborum
469 1161 621 1192 brevitas
650 1167 743 1192 recte
775 1162 1020 1197 aestimabitur,
1051 1172 1120 1201 qua
1149 1162 1338 1192 discordias
1367 1162 1558 1202 principum
1581 1161 1793 1203 Argivorum
1826 1162 1883 1192 de-

102 1216 246 1256 scripsit,
272 1216 370 1247 Nem.
384 1216 449 1252 IX,
465 1217 518 1247 14:
542 1216 634 1255 ἀρχοὶ
655 1217 682 1248 δ’
704 1217 762 1248 οὐκ
785 1216 828 1248 ἔτ’
851 1216 931 1248 ἔσαν
953 1217 1080 1248 Ταλαοῦ
1104 1219 1227 1255 παῖδες,
1251 1217 1438 1255 βιασθέντες
1455 1217 1524 1258 λύᾳ.
1558 1216 1614 1247 De
1629 1217 1798 1247 vocabulo
1822 1216 1883 1248 λύα

103 1270 301 1311 Hesychius
324 1271 401 1302 λύα·
421 1271 548 1309 στάσις,
574 1271 698 1302 deinde
721 1271 841 1303 λυάζει·
864 1296 891 1303 ..
910 1296 916 1302 .
940 1271 1112 1303 στασιάζει.
1156 1271 1300 1301 Adrasti
1321 1271 1425 1311 igitur
1446 1271 1512 1302 hoc
1534 1270 1641 1301 fatum
1664 1270 1735 1306 fuit,
1758 1276 1795 1301 ut
1817 1281 1882 1311 pro

105 1325 227 1355 iniuria
250 1336 271 1355 a
294 1331 392 1365 patre
416 1325 525 1356 Talao
553 1331 587 1355 et
611 1325 719 1355 fratre
742 1325 914 1356 Pronacte
937 1325 1086 1355 admissa
1109 1327 1294 1356 admodum
1311 1325 1479 1356 immerito
1496 1335 1628 1365 poenas
1643 1326 1762 1356 lueret.
1799 1324 1884 1356 Cum

102 1389 186 1410 vero
211 1380 406 1410 iniuriarum
430 1385 587 1410 auctores
611 1385 756 1410 mortem
780 1379 942 1415 obissent,
966 1379 1066 1410 facile
1086 1379 1205 1419 perfici
1221 1380 1342 1420 potuit,
1359 1386 1396 1410 ut
1410 1390 1482 1420 pax
1500 1380 1588 1410 inter
1605 1379 1882 1419 Melampodidas

105 1440 138 1464 et
166 1434 356 1469 Biantidas,
385 1435 544 1474 proxima
567 1434 743 1474 sanguinis
766 1434 972 1474 cognatione
996 1434 1204 1474 coniunctos7
1238 1434 1533 1469 reconciliaretur;
1568 1434 1758 1465 accedebat
1790 1435 1883 1473 quod

105 1493 139 1519 et
163 1489 336 1519 Adrastus
359 1495 393 1519 et
414 1488 646 1528 Amphiaraus
670 1499 712 1519 eo
730 1489 868 1529 ingenio
886 1494 992 1524 erant,
1006 1494 1042 1519 ut
1058 1489 1231 1528 antiquam
1250 1489 1456 1519 simultatem
1471 1489 1630 1519 lubenter
1646 1494 1681 1519 et
1696 1489 1789 1518 haud
1803 1499 1882 1529 gra-

103 1549 184 1573 vate
207 1543 499 1579 obliviscerentur,
523 1543 622 1574 Pind.
645 1543 740 1574 Nem.
764 1543 827 1579 IX,
855 1544 891 1575 15
917 1544 1068 1583 Κρέσσων
1091 1545 1126 1575 δὲ
1149 1544 1308 1575 καππαύει
1332 1544 1421 1575 δίκαν
1443 1544 1501 1575 τὰν
1523 1543 1665 1582 πρόσθεν
1689 1543 1777 1582 ἀνήρ.

186 1723 235 1752 22.
271 1721 414 1751 Adrasti
439 1727 472 1751 et
494 1721 698 1761 Amphiarai
721 1721 870 1761 imagine
893 1722 1071 1762 proposita
1095 1722 1162 1752 duo
1186 1722 1401 1761 ingeniorum
1424 1723 1646 1753 humanorum
1669 1733 1800 1763 genera

259 1776 347 1806 inter
372 1785 409 1806 se
433 1777 692 1807 contenduntur.
738 1775 851 1806 Alteri
877 1786 1009 1806 summa
1030 1776 1122 1807 vitae
1145 1786 1267 1807 norma
1290 1777 1443 1807 strictum
1464 1777 1517 1808 ius
1539 1783 1603 1812 est;
1628 1777 1726 1808 alteri

533 1831 728 1861 continuum
752 1841 828 1861 cum
852 1831 925 1861 deis
950 1841 1011 1870 per
1035 1831 1175 1862 oracula
1197 1831 1447 1863 commercium.

250 1931 418 1961 Pindarus
431 1931 535 1971 igitur
557 1931 590 1962 in
607 1932 755 1962 carmine
771 1932 902 1962 Nemeo
919 1932 973 1962 IX
988 1931 1174 1962 Adrastum
1191 1938 1225 1963 et
1237 1931 1485 1973 Amphiaraum
1509 1933 1653 1964 alterum
1676 1943 1752 1964 curn
1775 1933 1883 1964 altero

104 1986 298 2020 contendit;
324 1986 467 2016 duorum
490 1986 631 2016 heroum
653 1991 686 2016 et
709 1986 823 2016 multis
846 1987 948 2017 rebus
972 1987 1128 2017 similium
1153 1993 1186 2017 et
1201 1997 1362 2018 maxume
1378 1997 1495 2018 rursus
1511 1987 1724 2018 diversorum
1747 1987 1884 2028 ingenia

102 2039 149 2069 ita
172 2040 339 2079 depinxit,
363 2046 400 2070 ut
423 2040 601 2079 utriusque
623 2050 699 2071 curn
721 2041 831 2071 altero
856 2041 1069 2080 comparatio
1096 2041 1335 2072 venustissima
1368 2040 1542 2073 efficiatur.
1586 2041 1703 2072 Ambo
1733 2041 1883 2072 iustitiae

103 2094 327 2124 amantissimi
351 2100 438 2130 sunt,
462 2095 525 2125 sed
549 2095 686 2125 diversa
708 2095 810 2134 plane
832 2095 974 2126 ratione.
1018 2095 1189 2125 Adrastus
1215 2106 1304 2135 quae
1326 2096 1416 2126 iusta
1438 2096 1494 2126 vel
1518 2106 1617 2126 secus
1640 2095 1715 2132 sint,
1748 2106 1810 2126 suo
1833 2096 1884 2126 iu-

104 2146 191 2178 dicio
216 2147 323 2179 fretus
347 2149 521 2183 diiudicat,
547 2159 607 2179 suo
632 2149 737 2189 igitur
760 2149 901 2180 arbitrio
924 2149 1099 2180 confidens
1122 2160 1289 2190 generum
1305 2150 1505 2190 Polynicem
1528 2150 1560 2180 in
1580 2160 1723 2190 regnum
1740 2150 1882 2181 reducit.

105 2201 348 2242 Amphiaraus,
372 2213 460 2243 quae
484 2203 572 2233 iusta
595 2203 763 2234 iniustave
786 2204 863 2244 sint,
884 2214 953 2234 non
975 2204 1149 2234 hominurn
1171 2210 1302 2235 mentes
1326 2210 1360 2235 et
1382 2205 1510 2239 oculos,
1535 2214 1640 2244 saepe
1663 2205 1883 2235 terrestribus

107 2257 256 2286 tenebris
281 2264 493 2293 occaecatos,
518 2257 712 2289 discernere
735 2268 838 2298 posse
861 2265 987 2294 censet,
1022 2259 1083 2289 sed
1106 2268 1242 2298 semper
1265 2259 1406 2289 deorum
1429 2258 1671 2288 immortalium
1696 2258 1826 2289 monita
1849 2264 1882 2289 et

103 2317 239 2341 ostenta
261 2321 366 2351 super
388 2312 441 2342 his
463 2313 567 2342 rebus
599 2313 769 2343 audienda
792 2313 929 2344 iudicat.
972 2313 1125 2343 Adrasto
1148 2313 1302 2343 strictum
1336 2313 1387 2343 ius
1420 2322 1551 2343 summa
1573 2318 1626 2343 est
1647 2312 1739 2343 vitae
1763 2322 1883 2342 norma

103 2370 136 2395 et
159 2364 383 2401 dominatrix;
409 2366 642 2406 Amphiaraus
666 2368 779 2397 omnia
796 2368 936 2398 deorum
953 2367 1049 2397 nutui
1065 2367 1258 2402 committit;
1284 2368 1508 2397 humanorum
1527 2366 1739 2407 inceptorum
1756 2365 1882 2397 studio-

102 2428 243 2458 rumque
267 2430 433 2451 summam
460 2431 615 2451 normam
641 2432 716 2452 esse
740 2422 876 2457 debere,
900 2431 968 2452 non
991 2422 1093 2456 illam,
1114 2431 1216 2461 quam
1233 2422 1513 2452 homunculorum
1535 2421 1689 2461 ipsorum
1710 2420 1773 2451 sibi
1791 2430 1883 2451 cere-

102 2473 199 2504 brum
222 2472 370 2510 finxerit,
407 2476 533 2515 agendi
562 2476 727 2515 regulam,
767 2477 828 2507 sed
860 2477 1061 2516 obsequium
1095 2475 1381 2507 officiosissimum
1412 2476 1783 2516 promptissimumque,
1814 2484 1882 2515 quo

106 2529 246 2560 oracula
270 2534 304 2560 et
327 2530 426 2569 signa
449 2532 591 2562 deorum
614 2541 823 2562 veneremur.
868 2531 1071 2571 Amphiarai
1104 2531 1207 2571 igitur
1242 2531 1414 2571 ingenium
1439 2530 1490 2560 dis
1513 2530 1787 2570 acceptissimum
1820 2536 1882 2567 est,
