2023 2891
1000 190 1039 220 20

128 291 202 327 niis,
226 301 302 322 cum
315 291 470 331 Polybus
493 290 605 321 laxius
627 291 745 330 paullo
768 290 900 330 imperii
923 289 1020 320 frena
1041 294 1183 326 teneret,
1205 296 1402 330 promptum
1426 290 1628 330 obsequium
1651 291 1810 331 poposcit
1827 296 1861 322 et
1876 291 1909 322 in

130 346 315 376 seditiosos
347 345 499 376 severius
522 344 778 383 animadvertit;
813 345 997 375 edocemur
1020 344 1063 374 de
1086 345 1152 374 hac
1173 354 1210 374 re
1238 345 1331 384 apud
1354 344 1468 375 Schol.
1493 344 1588 376 Iliad.
1614 348 1640 384 β,
1677 345 1746 383 572,
1779 345 1836 386 qui
1864 356 1909 377 ex

129 400 309 430 Thebaide
331 399 481 429 fortasse
504 398 632 429 hausit:
657 399 804 430 ἐκπεσὼν
826 399 888 437 γὰρ
908 399 1046 438 Ἄργους
1069 399 1101 432 (ὁ
1124 398 1319 438 Ἄδραστος)
1342 400 1430 438 παρὰ
1452 399 1591 440 Πολύβῳ
1618 402 1662 441 τῷ
1691 401 1909 439 μητροπάτορι

129 455 203 493 ᾤκει
225 455 276 485 καὶ
298 454 450 485 ὑπέταξεν
474 453 592 491 αὐτοὺς
615 453 672 484 οὐκ
696 453 849 491 εἰωθότας
873 453 1036 492 ἄρχεσθαι.
1080 454 1140 483 Ad
1163 454 1306 484 Adrasti
1329 459 1364 484 et
1388 453 1590 494 Amphiarai
1612 454 1759 494 ingenia,
1794 455 1910 494 qualia

129 509 162 539 in
174 509 272 549 poesi
292 508 432 547 antiqua
446 508 544 547 epica
567 507 741 547 descripta
765 512 871 542 erant,
896 513 989 538 recte
1012 508 1235 547 aestimanda,
1258 509 1375 549 magni
1398 509 1559 539 momenti
1582 514 1683 544 esset,
1706 509 1733 539 si
1749 519 1910 540 caussam

130 562 322 594 accuratius
345 572 558 602 cognoscere
579 562 699 593 liceret
725 562 798 592 eius
825 562 916 598 belli,
951 562 1044 601 quod
1073 562 1161 592 inter
1185 562 1362 592 Biantidas
1395 568 1429 593 et
1451 562 1729 602 Melampodidas
1765 563 1906 599 exarsit,

132 627 269 657 quoque
292 616 466 647 Adrastus
489 627 508 647 e
529 616 642 656 patria
670 617 841 647 excedere
871 621 1010 647 coactus
1039 621 1101 647 est.
1146 616 1314 646 Pindarus
1345 626 1426 652 rem,
1460 622 1497 647 ut
1531 623 1647 647 notam
1682 617 1908 658 auditoribus,

129 672 222 701 haud
245 671 454 701 enucleatius
477 671 653 710 exposuit;
676 670 868 701 Adrastum
892 670 1139 701 discordiarum
1162 671 1311 701 civilium
1333 671 1441 701 turbis
1466 670 1612 702 eiectum
1636 671 1726 707 dicit,
1743 671 1841 703 Nem.
1858 671 1913 702 IX

130 736 162 757 v.
188 727 224 757 13
247 728 346 764 φεῦγε
369 726 430 764 γὰρ
454 725 650 764 Ἀμφιάρηόν
673 735 706 756 τε
729 725 936 763 θρασυμήδεα
962 724 1013 755 καὶ
1035 725 1142 756 δεινὰν
1166 724 1281 756 στάσιν
1303 723 1315 763 Η
1337 726 1494 766 πατρῴων
1517 725 1614 757 οἴκων
1637 725 1701 756 ἀπό
1719 724 1744 756 τ’
1764 724 1914 764 Ἄργεος·

131 779 224 818 ἀρχοὶ
246 779 272 811 δ’
297 780 356 811 οὐκ
379 778 421 810 ἔτ’
445 779 525 810 ἕσαν
547 779 675 810 Ταλαοῦ
698 781 821 817 παῖδες,
845 779 1031 818 βιασθέντες
1054 779 1122 818 λύᾳ.
1165 778 1237 809 Sed
1260 779 1351 808 haud
1367 778 1587 818 improbabili
1604 779 1765 819 fortasse,
1782 780 1914 811 coniec-

131 839 208 864 tura
231 834 320 864 unde
343 833 426 863 illud
447 834 576 864 bellum
600 833 778 868 exarserit,
804 832 935 863 definiri
958 838 1089 872 potest;
1116 838 1193 863 sunt
1209 833 1358 873 vestigia
1374 834 1553 872 quaedam,
1574 844 1663 874 quae
1681 834 1765 874 quid
1779 834 1811 864 in
1829 834 1914 865 anti-

131 888 302 928 quissimis
326 888 532 919 carminibus
557 888 662 927 epicis
685 892 860 918 narratum
883 887 994 923 fuerit,
1018 888 1166 918 edocere
1193 886 1337 926 possint.
1380 886 1436 916 De
1459 886 1663 926 Amphiarai
1691 892 1791 927 patre
1817 886 1915 918 Oi'cle

132 942 287 982 volgaris
312 952 394 973 sane
415 941 506 972 fama
529 942 615 972 haec
639 947 701 976 est,
737 952 814 972 eum
842 942 874 972 in
897 941 1057 972 Herculis
1085 940 1249 972 comitatu
1276 942 1443 972 adversus
1466 941 1748 978 Laomedontem,
1785 941 1914 973 Troiae

130 1007 259 1037 regem,
293 1006 473 1036 egressum
494 996 527 1026 in
550 997 683 1036 proelio
706 1007 726 1026 a
747 996 986 1027 Laomedonte
1009 996 1159 1027 occisum
1183 1005 1274 1032 esse;
1310 995 1398 1026 conf.
1423 995 1527 1026 Diod.
1551 996 1580 1031 4,
1609 997 1657 1032 32,
1687 997 1720 1033 33
1750 995 1913 1037 Apollod.

132 1051 159 1085 2,
184 1051 212 1085 6,
236 1051 264 1084 4,
290 1050 316 1080 1.
362 1049 433 1081 Sed
456 1049 488 1079 in
512 1050 748 1090 antiquissima
771 1049 868 1090 poesi
893 1050 999 1081 Oi'clis
1023 1049 1095 1080 fata
1110 1050 1248 1081 diversa
1263 1050 1365 1090 plane
1381 1050 1514 1081 ratione
1533 1051 1771 1082 narrabantur.
1809 1051 1915 1082 Novi-

132 1115 207 1135 mus
231 1104 319 1135 enim
344 1114 453 1143 prope
474 1103 715 1144 Megalopolin
735 1104 879 1135 heroum
903 1104 1008 1136 Oi'clis
1031 1104 1146 1145 fuisse,
1170 1115 1245 1135 cum
1270 1105 1466 1135 accolarum
1488 1106 1580 1135 haud
1603 1105 1708 1136 dubie
1732 1105 1836 1141 cultu,
1852 1105 1914 1136 ibi-

133 1169 200 1198 que
222 1160 309 1189 hanc
332 1158 484 1189 fabulam
509 1159 733 1189 domesticam
752 1163 785 1188 et
800 1159 948 1199 patriam
964 1159 1126 1198 viguisse,
1153 1159 1186 1189 in
1214 1159 1263 1189 eis
1279 1159 1363 1190 locis
1388 1159 1529 1195 Oiclem,
1549 1159 1753 1198 Amphiarai
1769 1166 1916 1199 patrem,

133 1213 257 1244 aetatis
281 1223 364 1243 suae
386 1223 569 1252 vesperam
592 1213 741 1253 degisse.
786 1213 976 1243 Pausanias
999 1213 1151 1244 fabulam
1174 1214 1288 1251 refert,
1313 1224 1453 1244 cassans
1477 1214 1534 1245 ille
1554 1215 1691 1254 quidem
1715 1221 1827 1254 caput,
1854 1216 1916 1245 sed

135 1268 228 1299 clara
250 1277 336 1298 voce
359 1267 465 1299 refert
487 1274 601 1298 tamen
625 1269 652 1303 8,
677 1269 725 1303 36,
750 1269 768 1299 6
792 1268 864 1307 ἑξῆς
888 1269 922 1299 δὲ
945 1268 1107 1307 Ὀϊκλέους
1130 1270 1187 1299 τοῦ
1211 1268 1408 1307 Ἀμφιαράου
1433 1269 1555 1307 πατρὸς
1579 1268 1684 1307 μνῆμά
1708 1269 1806 1305 ἐστιν,
1831 1270 1859 1300 εἴ
1880 1280 1916 1307 γε

133 1322 171 1360 δὴ
189 1323 343 1361 ἐπέλαβεν
360 1323 458 1354 αὐτὸν
481 1323 517 1354 τὸ
534 1323 636 1361 χρεὼν
652 1323 686 1354 ἐν
699 1323 852 1363 Ἀρκαδίᾳ
869 1323 919 1353 καὶ
935 1323 974 1360 μή
991 1324 1048 1361 τῆς
1065 1323 1115 1354 ἐπὶ
1130 1322 1338 1361 Λαομέδοντα
1351 1319 1501 1361 Ἡρακλεῖ
1517 1323 1687 1362 στρατείας
1705 1324 1915 1362 μετασχόντα.

136 1375 314 1414 Alcmaeo,
336 1376 540 1416 Amphiarai
562 1376 661 1411 filius,
685 1382 765 1416 post
788 1377 906 1406 matris
929 1376 1128 1416 Eryphylae
1151 1377 1294 1408 caedem
1323 1387 1344 1407 a
1366 1377 1477 1407 Furiis
1511 1377 1665 1417 agitatus
1696 1377 1843 1416 primum
1873 1379 1918 1408 ad

134 1441 236 1461 avom
260 1430 403 1467 O'iclem,
433 1430 617 1461 etiamtunc
641 1430 860 1470 superstitem
883 1431 916 1461 in
937 1431 1002 1461 illis
1026 1431 1199 1461 Arcadiae
1222 1431 1317 1466 locis,
1342 1441 1380 1461 se
1404 1432 1555 1467 contulit,
1586 1442 1635 1467 eo,
1667 1437 1703 1461 ut
1726 1439 1822 1462 recte
1845 1432 1917 1472 opi-

135 1491 235 1516 natus
258 1491 310 1516 est
332 1485 549 1522 Welckerus‚
574 1486 726 1521 consilio,
750 1491 787 1516 ut
810 1486 854 1516 ab
876 1485 1212 1517 benevolentissumo
1243 1485 1307 1515 sibi
1334 1485 1471 1516 homine
1505 1485 1713 1525 expiaretur.
1749 1486 1916 1526 Apollod.

134 1541 162 1580 3,
191 1540 218 1575 7,
247 1542 274 1575 5,
305 1541 323 1571 2
352 1540 552 1579 Ἀλκμαίωνα
576 1542 611 1572 δὲ
634 1543 787 1579 μετῆλθεν
815 1541 921 1579 ἐρινὺς
949 1542 1006 1572 τοῦ
1025 1542 1185 1581 ,μητρῴου
1214 1540 1327 1579 φόνου,
1356 1541 1407 1571 καὶ
1444 1541 1590 1578 μεμηνὼς
1624 1542 1751 1579 πρῶτον
1784 1542 1841 1579 μὲν
1872 1541 1918 1580 εἰς

131 1594 300 1633 Ἀρκαδίαν
322 1595 405 1633 πρὸς
427 1594 558 1626 Ὀϊκλεά
580 1595 796 1634 παραγίνεται,
821 1595 939 1626 ἐκεῖθεν
963 1596 997 1626 δὲ
1022 1594 1067 1633 εἰς
1089 1595 1226 1634 Ψωφῖδα
1248 1595 1328 1633 πρὸς
1351 1595 1468 1633 Φηγέα.
1492 1595 1579 1626 conf.
1602 1594 1750 1633 Welck.‚
1783 1594 1919 1627 Griech.

133 1648 307 1688 Tragoed.
331 1649 363 1679 II
398 1659 430 1688 p.
455 1649 515 1680 576
557 1650 654 1685 med„
693 1649 751 1689 qui
787 1649 977 1679 rectissime
1015 1649 1210 1686 arbitratur,
1247 1649 1335 1678 hanc
1371 1648 1510 1679 fabulae
1542 1648 1687 1679 formam
1725 1649 1918 1688 antiquissi-

133 1713 222 1733 mam
245 1703 360 1734 fuisse.

280 1757 353 1788 Iam
376 1768 452 1788 cum
481 1759 567 1789 haec
591 1758 697 1789 Oi'clis
727 1768 790 1798 per
818 1763 994 1789 extremos
1020 1758 1112 1789 vitae
1141 1768 1249 1789 annos
1278 1759 1370 1798 apud
1393 1758 1551 1789 Arcades
1577 1758 1803 1789 commoratio
1833 1757 1918 1788 satis

135 1811 276 1842 mirifica
307 1812 359 1849 sit,
393 1812 511 1852 quaeri
544 1813 657 1852 debet,
693 1822 781 1852 quae
805 1823 882 1843 eum
912 1823 1035 1843 caussa
1058 1823 1077 1843 e
1105 1813 1218 1852 patria
1241 1812 1350 1852 Argis
1382 1818 1419 1842 ut
1447 1813 1585 1843 exulem
1621 1812 1800 1852 expulerit.
1844 1811 1917 1842 Re-

136 1876 308 1905 sponsum,
331 1867 394 1896 nisi
412 1867 525 1896 omnia
541 1866 671 1901 fallunt,
697 1877 741 1897 ex
762 1867 810 1896 eis
825 1867 898 1906 peti
919 1872 1046 1907 potest,
1071 1877 1160 1906 quae
1184 1868 1227 1896 de
1243 1866 1447 1906 Amphiarai
1463 1877 1538 1897 cum
1554 1867 1664 1897 Talao
1682 1867 1825 1906 eiusque
1840 1866 1919 1897 filiis

136 1921 228 1950 bello
252 1920 378 1951 tradita
402 1921 605 1960 accepimus.
650 1921 883 1961 Amphiaraus
907 1922 979 1952 sine
1003 1921 1106 1952 dubio
1128 1921 1220 1951 bello
1238 1921 1306 1956 illo,
1324 1922 1417 1960 quod
1433 1921 1601 1951 adversus
1617 1921 1763 1951 Talaum
1780 1926 1814 1951 et
1829 1919 1918 1951 filios

141 1975 212 2005 eius
235 1975 370 2005 molitus
394 1981 454 2011 est,
490 1985 633 2015 gravem
656 1976 810 2006 iniuriam
840 1976 931 2016 patri
955 1975 1042 2007 Oi'cli
1071 1981 1105 2006 et
1133 1975 1197 2005 sibi
1226 1975 1356 2005 illatam
1385 1976 1474 2005 ultus
1504 1980 1565 2006 est.
1611 1973 1727 2014 Quare
1761 1975 1851 2006 hunc
1885 1974 1919 2005 in

140 2030 278 2060 modurn
294 2039 407 2060 rerum
427 2036 605 2070 gestarum
622 2031 708 2060 ordo
725 2036 759 2061 et
775 2041 895 2061 cursus
910 2030 993 2070 fingi
1008 2029 1144 2070 poterit.
1191 2029 1307 2061 Oi‘cles
1324 2030 1474 2060 Hercule
1491 2030 1577 2060 duce
1595 2029 1761 2060 adversus
1778 2029 1920 2059 Troiam

139 2082 315 2122 profectus
338 2083 371 2113 in
395 2093 436 2114 ea
459 2084 682 2124 expeditione
705 2085 891 2114 secundum
914 2084 1139 2115 recentiorem
1165 2083 1303 2115 fabulae
1327 2084 1480 2119 formam,
1509 2094 1598 2124 quae
1621 2083 1654 2113 in
1677 2083 1827 2114 omnium
1859 2093 1920 2114 ore

139 2142 191 2168 est
215 2137 268 2176 (cf.
292 2138 395 2170 Diod.
417 2139 446 2177 4,
464 2140 511 2175 32,
529 2139 564 2173 33
588 2139 752 2178 Apollod.
770 2140 797 2174 2,
814 2140 842 2173 6,
859 2139 888 2173 4,
907 2139 945 2177 1),
963 2148 983 2168 a
999 2139 1235 2169 Laomedonte
1262 2139 1435 2170 occiditur.
1479 2139 1518 2168 In
1541 2138 1732 2178 antiquiore
1755 2138 1916 2168 narrandi

140 2191 251 2222 forma
275 2192 388 2223 salvos
411 2198 446 2223 et
465 2192 601 2232 integer
631 2193 663 2223 in
691 2193 837 2232 patriam
869 2192 979 2223 rediit.
1025 2191 1095 2223 Sed
1118 2193 1254 2228 Talaus,
1291 2192 1422 2223 Biantis
1456 2192 1554 2228 filius,
1590 2192 1648 2232 qui
1679 2192 1787 2232 patris
1813 2192 1920 2223 Oi'clis

141 2245 356 2285 Antiphatae
378 2245 484 2277 frater
508 2246 570 2276 fuit
592 2246 766 2286 patruelis,
801 2246 960 2276 diuturna
980 2246 1037 2276 illa
1061 2246 1168 2277 Oi'clis
1192 2246 1349 2278 absentia
1380 2257 1461 2278 usus
1491 2252 1565 2277 erat
1593 2247 1637 2277 ad
1666 2257 1810 2287 regnum
1848 2247 1920 2277 eius

141 2300 387 2339 occupandum.
434 2301 648 2337 Accedebat,
683 2301 777 2340 quod
799 2300 1032 2340 Amphiaraus
1060 2300 1118 2330 illo
1149 2306 1307 2340 tempore
1334 2301 1497 2340 puerulus
1525 2300 1709 2331 etiamtunc
1745 2305 1829 2337 erat,
1862 2299 1920 2339 qui

141 2359 405 2393 praepotentem
428 2355 663 2386 adversarium
686 2355 855 2394 repellere
878 2365 946 2385 non
968 2360 1097 2395 posset.
1142 2355 1259 2386 Oi'cles
1275 2354 1388 2395 igitur,
1406 2365 1451 2385 ex
1466 2364 1575 2394 regno
1592 2364 1666 2390 suo,
1683 2354 1785 2385 tertia
1804 2353 1920 2394 Argo-

141 2407 218 2438 lidis
246 2414 355 2448 parte,
379 2410 547 2444 exclusus,
578 2409 658 2440 exul
680 2409 712 2439 in
735 2409 934 2445 Arcadiam,
957 2409 990 2439 in
1013 2418 1054 2439 ea
1078 2409 1164 2447 loca,
1197 2408 1255 2438 ubi
1278 2408 1392 2438 multis
1416 2408 1561 2439 saeculis
1583 2414 1663 2448 post
1686 2406 1920 2448 Megalopolis

140 2462 279 2492 condita
301 2467 363 2498 est,
398 2473 436 2494 se
458 2463 597 2503 recepit,
631 2463 746 2503 ibique
771 2463 874 2494 etiam
896 2469 1029 2503 postea,
1062 2474 1137 2494 cum
1161 2462 1191 2493 ei
1214 2463 1327 2494 redire
1356 2462 1486 2499 liceret,
1520 2472 1628 2502 usque
1655 2462 1700 2492 ad
1729 2467 1921 2493 extremam

141 2521 293 2548 aetatem
316 2517 454 2553 mansit;
477 2518 670 2558 sepulcrum
693 2522 785 2548 certe
811 2517 917 2549 Oi'clis
939 2517 986 2548 ibi
1006 2518 1262 2549 ostendebatur.
