2023 2891
204 607 400 658 Verum
439 608 502 658 ab
534 607 670 658 hisce
697 608 980 674 praeludiis,
1020 629 1149 677 quae
1181 610 1350 660 abdita
1382 611 1661 662 studiorum
1689 624 1878 663 nostro-

102 710 215 741 rum
253 710 460 741 nemora
495 701 542 741 et
579 691 731 742 saltus
770 692 916 743 nobis
955 693 1339 750 insusurrarunt,
1384 714 1518 745 nunc
1557 694 1621 745 ad
1660 695 1877 763 augusti-

103 793 214 824 ores
236 773 654 842 sublimioresque
680 794 772 826 nos
791 775 1078 827 harmonias
1106 787 1470 834 convertamus,
1498 798 1627 845 quae
1651 778 1877 829 omnium

100 856 289 924 ubique
329 855 703 908 Germanorum
747 879 776 909 a
817 858 941 909 mari
983 859 1174 911 Baltico
1219 859 1283 910 ad
1331 860 1450 927 iuga
1492 860 1680 928 alpium
1724 861 1878 912 corda

100 940 233 991 dulci
284 952 531 991 concentu
582 942 783 1009 pulsant
831 953 878 992 et
922 942 1254 994 sincerissimo
1308 944 1496 1011 gaudio
1552 944 1874 1012 perfundunt.

98 1022 300 1074 Etenim
349 1044 482 1075 anno
526 1025 758 1075 volvente
801 1025 906 1076 dies
945 1027 1151 1077 recurrit
1199 1026 1527 1078 faustissimus
1566 1040 1612 1079 et
1651 1029 1873 1096 auspica-

96 1106 313 1157 tissimus
339 1107 529 1175 totique
556 1108 743 1175 patriae
771 1120 969 1160 nostrae
996 1110 1141 1161 unice
1182 1130 1337 1167 carus,
1378 1131 1479 1178 quo
1520 1111 1599 1162 die
1639 1127 1873 1165 DOMINVS

95 1198 301 1234 NOSTER
346 1199 781 1235 CLEMENTISSIMVS
841 1201 904 1235 ET
955 1201 1375 1238 GLORIOSISSIMVS
1432 1203 1537 1238 REX
1588 1203 1873 1240 BORVSSIAE

96 1277 465 1314 GERMANORVM
492 1278 792 1314 IMPERATOR
826 1262 1265 1315 GVILELMVS
1305 1265 1469 1316 lucem
1505 1266 1745 1333 adspexit.
1796 1267 1872 1318 In-

95 1344 309 1396 dicenda
341 1345 490 1413 igitur
517 1358 631 1397 sunt
665 1347 924 1398 sollemnia
962 1348 1024 1398 ab
1062 1348 1381 1399 universitate
1421 1360 1590 1399 nostra
1627 1349 1715 1400 rite
1755 1370 1869 1401 con-

95 1429 406 1486 celebranda,
455 1431 504 1480 in
555 1431 737 1498 quibus
779 1431 1009 1498 publicae
1049 1431 1391 1499 gratulationis
1434 1444 1480 1482 et
1525 1434 1871 1485 communium

92 1522 324 1562 votorum
352 1512 594 1580 interpres
620 1514 795 1565 existet
821 1514 895 1565 vir
923 1514 1297 1565 inlustrissimus
1337 1515 1594 1568 IOSEPHVS
1625 1515 1868 1575 LANGEN‚

90 1612 297 1647 RECTOR
321 1613 707 1649 vNJvERsITATIs
736 1614 1058 1649 Monfficvs.
1114 1598 1239 1649 Eius
1272 1610 1325 1649 ut
1353 1599 1562 1650 orationi
1591 1599 1868 1667 ceterisque

93 1679 418 1731 sollemnibus
471 1694 709 1749 prompto
760 1683 1051 1750 lubentique
1100 1683 1266 1733 animo
1311 1683 1545 1740 intersint,
1596 1683 1751 1750 ipsius
1798 1683 1866 1734 in-

90 1762 355 1830 lustrisque
394 1777 595 1816 senatus
646 1766 849 1817 nomine
888 1779 1168 1817 curatorem
1218 1766 1550 1817 universitatis
1588 1767 1866 1835 egregium,

89 1844 396 1912 professores
453 1849 799 1916 amplissimos,
858 1850 1087 1900 doctores
1139 1849 1449 1907 clarissimos,
1502 1850 1865 1902 commilitones

90 1928 441 1988 ornatissimos,
481 1932 800 2000 magistratus
837 1934 1003 2001 regios
1042 1933 1388 2000 imperatorios
1435 1934 1635 1985 urbicos
1674 1945 1863 2001 specta-

87 2011 303 2063 tissimos
342 2024 388 2064 et
415 2015 705 2083 quicunque
731 2017 881 2067 rebus
920 2017 1099 2067 nostris
1139 2036 1196 2067 ac
1227 2017 1496 2068 litterarum
1527 2017 1701 2068 studiis
1733 2018 1862 2069 bene

88 2095 273 2152 volunt,
312 2116 412 2164 qua
448 2118 540 2165 par
578 2111 650 2150 est
689 2100 1006 2151 observantia
1042 2120 1281 2168 rogamus
1320 2101 1598 2152 invitamus.
