2023 2891
1029 173 1062 202 12

149 281 271 311 regum
301 272 502 311 anagrapha
524 272 667 302 noviciis
700 272 765 302 illis
799 273 1059 312 phantasmatis,
1093 274 1126 303 in
1150 273 1410 304 Heraclidarum
1441 274 1571 305 fabrica
1602 275 1769 314 procusis,
1805 276 1930 306 umbris

148 325 214 355 illis
246 335 366 365 regum
390 325 500 365 Argei
524 330 558 355 et
582 326 821 366 Anaxagorae
855 337 892 356 se
926 327 1070 358 addixit.
1114 328 1234 368 Itaque
1257 328 1503 359 Menaechmus
1525 338 1662 368 quoque
1696 330 1839 360 torrenti
1872 330 1928 365 illi,

148 389 216 419 quo
239 379 340 409 animi
362 379 534 410 hominum
559 381 602 410 ad
626 386 744 410 vetera
771 381 944 411 abolenda
968 381 1174 417 ferebantur,
1205 383 1375 422 patienter
1405 393 1442 413 se
1465 383 1620 413 subiecit.
1664 383 1734 415 Sed
1756 394 1856 414 unum
1881 391 1929 414 ta-

148 443 225 464 men
249 439 310 468 est,
335 434 367 463 in
383 443 451 473 quo
467 434 591 464 ceteris
606 434 853 465 Menaechmus
870 441 1038 474 praestat:
1063 435 1262 475 Sicyoniam
1285 438 1523 477 anagrapham
1540 448 1560 467 a
1575 438 1697 477 pannis
1715 438 1928 470 Clistheneis,

148 488 191 517 ab
215 487 427 524 Inachorum‚
451 488 692 528 Polyphidum,
717 488 945 528 Pelasgorum
969 488 1164 529 (Syncellus
1188 500 1219 530 p.
1246 491 1315 525 279,
1340 492 1413 528 280)
1437 493 1538 522 turba
1560 502 1681 532 puram
1705 498 1738 522 et
1759 492 1928 532 integram

149 541 309 576 servavit,
341 552 403 572 nec
426 541 614 572 Adrastum
638 542 876 582 antiquissimo
901 549 934 573 et
958 544 1143 573 iustissimo
1177 545 1315 575 honoris
1339 545 1447 579 titulo,
1483 556 1552 585 quo
1586 546 1618 576 in
1652 547 1728 586 ipsa
1750 546 1928 577 Thebaide

147 595 275 634 cyclica
298 595 434 625 indutus
457 602 539 631 erat,
564 602 601 626 ut
624 596 746 636 Polybi
770 597 863 637 regis
886 607 996 637 nepos
1019 598 1202 634 diceretur,
1228 598 1408 631 fraudavit.

191 765 236 795 ll.
282 765 473 795 Pausaniae
496 766 529 795 in
553 767 656 796 rebus
680 772 750 796 tam
777 766 958 797 subtilibus
982 773 1015 798 et
1039 778 1058 798 a
1082 768 1219 808 volgari
1241 769 1382 798 notione
1400 769 1539 799 remotis
1561 779 1637 799 cum
1662 769 1886 799 Menaechmo

369 830 572 850 consensum
596 821 803 851 documento
829 832 915 854 esse,
940 832 1017 853 eum
1040 823 1114 862 ipso
1139 822 1354 853 Menaechmi
1377 832 1483 862 opere
1504 833 1602 853 usum
1626 834 1710 854 esse.

293 920 365 950 Iam
390 930 482 955 vero,
516 921 597 960 quid
621 932 665 952 ex
689 921 737 952 eis
760 932 850 961 quae
878 922 1127 962 disputavimus
1150 930 1324 963 sequatur,
1356 924 1641 954 considerandum
1664 931 1725 954 est.
1771 923 1929 954 Vidimus

146 975 233 1005 inter
262 974 466 1004 Pausaniam
498 980 531 1004 et
558 975 821 1006 Menaechmum
845 977 888 1006 de
912 977 1014 1007 rebus
1043 977 1249 1017 quibusdam
1271 978 1485 1018 gravissimis
1516 977 1692 1009 mirificum
1725 988 1928 1009 consensum

145 1029 368 1059 intercedere.
414 1028 528 1059 Ambo
553 1029 585 1059 in
611 1031 815 1069 anagrapha
839 1030 1001 1070 Sicyonia
1022 1032 1193 1062 tradenda
1217 1032 1446 1071 incorruptam
1471 1032 1707 1071 antiquitatem
1731 1038 1928 1072 sequuntur,

145 1084 178 1113 in
201 1083 370 1123 Argolica
393 1084 594 1124 anagrapha
617 1085 788 1115 noviciam
811 1085 957 1115 formam
980 1085 1189 1125 praeferunt.
1236 1086 1307 1117 Sed
1339 1097 1441 1116 unum
1471 1092 1654 1126 praeterea
1687 1087 1929 1126 gravissimum

146 1142 207 1167 est.
253 1137 442 1168 Pausanias
466 1138 498 1167 in
522 1138 669 1177 antiquis
693 1138 817 1169 fabulis
841 1139 1010 1179 Sicyoniis
1034 1140 1081 1170 ita
1105 1141 1267 1171 nonnulla
1289 1141 1439 1175 novavit,
1474 1147 1510 1171 ut
1537 1151 1613 1171 cum
1637 1142 1839 1180 anagrapha
1861 1141 1927 1171 Ar-

144 1191 259 1231 golica
283 1192 526 1222 consentirent:
550 1202 618 1222 non
644 1198 775 1223 temere
799 1199 860 1228 est,
885 1194 979 1233 quod
1002 1193 1258 1234 Melampodem
1281 1205 1301 1225 a
1324 1195 1452 1226 Proeto
1477 1195 1635 1225 seiunxit.
1670 1193 1755 1224 Cum
1776 1204 1859 1225 vero
1885 1195 1928 1224 de

145 1247 348 1285 anagrapha
370 1246 428 1276 illa
450 1246 619 1286 Argolica
641 1247 773 1286 aliquot
800 1248 935 1278 demum
959 1248 1129 1288 capitibus
1154 1254 1235 1288 post
1258 1250 1298 1287 (2,
1319 1250 1366 1287 18,
1380 1250 1409 1287 4)
1433 1249 1644 1288 exposuerit,
1669 1249 1852 1279 verisimile
1865 1255 1926 1283 est,

146 1310 222 1330 eum
245 1301 328 1330 illud
351 1311 416 1330 non
448 1301 571 1331 iudicio
596 1311 656 1331 suo
680 1301 805 1332 fretum
830 1302 969 1337 dixisse,
1003 1313 1081 1332 nam
1105 1303 1133 1332 si
1156 1303 1204 1332 ita
1229 1308 1330 1338 esset,
1364 1303 1529 1334 lectorem
1552 1302 1822 1334 ratiocinationis
1845 1312 1927 1333 suae

146 1360 342 1394 compotem
365 1354 511 1389 fecisset,
537 1355 597 1385 sed
621 1355 753 1385 alienae
777 1356 974 1386 auctoritati
995 1358 1207 1387 obsecutum.
1241 1357 1376 1388 Deinde
1399 1368 1481 1388 vero
1504 1358 1733 1397 reputandum
1756 1363 1818 1393 est,
1845 1357 1926 1387 illud

146 1409 188 1439 de
212 1410 488 1448 anagrapharum
512 1409 649 1440 diversa
673 1410 879 1440 auctoritate
904 1411 1074 1446 iudicium,
1110 1412 1201 1451 quod
1225 1411 1471 1442 Menaechmus
1499 1402 1533 1442 et
1555 1412 1745 1442 Pausanias
1767 1412 1925 1444 tulerunt,

146 1470 215 1493 tam
240 1463 363 1493 subtile
388 1470 421 1493 et
445 1464 652 1503 exquisitum
677 1475 762 1499 esse,
786 1470 822 1494 ut
846 1464 905 1494 vix
930 1465 1094 1495 credibile
1117 1466 1168 1500 sit,
1201 1466 1234 1495 id
1258 1466 1291 1496 in
1314 1466 1459 1496 duorum
1482 1466 1687 1506 scriptorum
1710 1471 1762 1496 tot
1781 1466 1927 1496 saeculis

147 1518 372 1548 diiunctorum
396 1519 538 1548 cerebro
563 1529 624 1548 sua
647 1524 769 1558 sponte
795 1528 864 1549 tam
889 1519 997 1550 simile
1019 1525 1137 1550 natum
1161 1530 1247 1551 esse.
1283 1520 1398 1560 Quare
1415 1531 1491 1551 eum
1515 1521 1572 1560 qui
1590 1520 1764 1560 posterior
1786 1519 1858 1554 fuit,
1882 1521 1925 1550 ab

147 1582 198 1607 eo,
223 1573 278 1611 qui
292 1573 384 1612 prior
397 1573 592 1612 scripserat,
616 1583 793 1603 versuram
816 1573 939 1604 fecisse
963 1575 1077 1605 credo.
1117 1574 1248 1605 Suadet
1270 1585 1325 1605 res
1348 1581 1385 1605 ut
1405 1574 1584 1615 fingamus,
1608 1575 1825 1610 Pausaniam,
1852 1584 1928 1605 cum

146 1627 190 1656 ad
215 1626 399 1666 Sicyonem
430 1627 607 1657 visendam
631 1637 668 1657 se
690 1628 896 1667 accingeret,
927 1628 1144 1659 Menaechmi
1168 1630 1389 1661 Σικυωνιακῶν
1423 1639 1528 1669 opere
1563 1630 1712 1669 legendo
1747 1640 1783 1660 se
1816 1629 1927 1668 ipsum

145 1681 325 1711 edocuisse
359 1687 391 1711 et
428 1682 600 1721 ingenium
631 1682 675 1711 ad
699 1692 748 1716 ea,
785 1692 874 1721 quae
902 1683 1025 1714 deinde
1059 1690 1276 1723 spectaturus
1301 1689 1401 1718 esset,
1436 1694 1559 1714 acuere
1592 1684 1751 1715 voluisse.
1794 1684 1848 1714 Ita
1878 1684 1926 1713 in-

146 1740 294 1765 structus
317 1740 412 1765 tanto
429 1736 549 1765 melius
565 1735 678 1766 omnia
702 1737 745 1766 ab
771 1737 930 1775 exegetis
953 1738 1149 1776 percontari
1171 1739 1290 1777 potuit.
1328 1738 1398 1768 Eos
1420 1748 1504 1768 vero
1521 1738 1727 1768 Pausaniam
1744 1738 1927 1778 diligenter

145 1790 357 1819 consuluisse
374 1791 438 1820 hoc
458 1791 662 1820 documento
688 1797 843 1830 apparet,
867 1792 961 1830 quod
978 1792 1010 1821 in
1027 1791 1243 1831 Sicyoniacis
1267 1792 1526 1832 antiquitatibus
1549 1793 1623 1832 ipse
1639 1793 1792 1827 adnotat,
1816 1793 1926 1822 bonos

144 1844 219 1874 illos
241 1844 334 1874 viros
357 1844 530 1875 nesciendi
554 1845 656 1875 etiam
679 1850 790 1875 artem
814 1845 983 1875 interdum
1006 1847 1116 1885 probe
1137 1846 1365 1881 intellexisse;
1387 1846 1487 1876 Paus.
1511 1847 1539 1881 2,
1563 1847 1591 1881 9,
1616 1847 1632 1876 7
1658 1846 1700 1876 de
1723 1846 1818 1886 ligno
1842 1855 1925 1885 quo-

144 1898 222 1928 dam
247 1904 366 1928 contra
389 1899 546 1938 luporum
570 1899 716 1938 impetus
741 1900 889 1934 salutari,
923 1901 1017 1939 quod
1054 1907 1089 1931 ut
1114 1900 1314 1931 miraculum
1345 1900 1378 1930 in
1401 1900 1573 1940 Apollinis
1596 1900 1691 1940 Lycii
1713 1900 1842 1939 templo
1866 1900 1924 1929 ad-

144 1953 362 1982 servabatur:
386 1953 422 1983 τὸ
445 1953 539 1984 Ξύλον
562 1954 596 1983 δὲ
618 1954 719 1984 ἐκεῖνο
746 1953 847 1985 ἔκειτο
869 1955 925 1991 μὲν
950 1955 984 1986 ἐν
1005 1958 1050 1995 τῷ
1073 1955 1149 1996 ἱερῷ
1172 1957 1229 1986 τοῦ
1253 1955 1377 1988 Λυκίου,
1411 1955 1428 1986 ὅ
1451 1966 1479 1986 τι
1502 1956 1536 1986 δὲ
1560 1954 1599 1993 ἦν
1622 1956 1764 1993 δένδρον,
1796 1954 1872 1986 οὐδὲ
1895 1954 1925 1985 οἱ

144 2009 207 2037 τῶν
233 2007 414 2038 Σικυωνίων
438 2008 586 2045 ἐξηγηταὶ
607 2008 770 2039 συνίεσαν.

242 2177 287 2207 12.
330 2176 469 2216 Regum
494 2177 639 2206 indicem
661 2177 693 2207 in
719 2177 901 2208 Clisthenis
924 2178 1127 2217 anagrapha
1151 2188 1218 2208 non
1243 2184 1372 2209 temere
1396 2179 1632 2209 concinnatum
1655 2188 1740 2213 esse,
1765 2179 1826 2208 sed

419 2230 531 2259 studia
554 2231 702 2269 prodere
726 2230 758 2260 in
783 2230 972 2270 originibus
995 2230 1166 2272 Sicyoniis
1192 2233 1440 2273 investigandis
1463 2233 1642 2263 collocata.

293 2329 331 2359 In
356 2331 516 2369 antiquae
536 2331 639 2371 igitur
662 2342 782 2371 regum
810 2331 1048 2372 Sicyoniorum
1073 2334 1300 2372 anagraphae
1316 2335 1427 2364 locum
1445 2333 1635 2365 Clisthenes
1652 2344 1786 2370 novam,
1810 2335 1923 2365 multis

145 2384 228 2414 locis
252 2384 403 2414 funditus
437 2391 602 2416 mutatam
625 2387 809 2421 substituit,
845 2397 933 2426 quae
966 2389 1109 2417 alteram
1145 2388 1238 2417 illam
1271 2388 1447 2428 paullatim
1472 2398 1614 2428 prorsus
1638 2389 1792 2420 extrusit.
1835 2389 1923 2419 Nam

146 2438 208 2468 etsi
232 2444 311 2477 post
336 2438 518 2469 Clisthenis
552 2446 697 2470 mortem
723 2446 755 2471 et
780 2441 917 2471 omnino
940 2448 1019 2481 post
1043 2441 1301 2481 Orthagoridas
1325 2443 1479 2472 sublatos
1502 2442 1647 2482 plurima
1671 2442 1852 2473 Clisthenis
1879 2443 1923 2473 in-

146 2492 263 2522 stituta
290 2504 309 2522 a
333 2492 505 2533 Sicyoniis
527 2495 657 2524 abolita
682 2500 768 2529 sunt,
793 2495 886 2525 cuius
909 2495 958 2526 rei
981 2497 1079 2526 testis
1103 2502 1155 2526 est
1184 2496 1382 2527 Herodotus
1405 2498 1433 2530 5,
1450 2497 1498 2531 68,
1523 2497 1579 2536 qui
1603 2497 1823 2537 sexagesimo
1843 2503 1923 2536 post
