<?xml version="1.0" encoding="UTF-8"?>
<!DOCTYPE html PUBLIC "-//W3C//DTD XHTML 1.0 Transitional//EN"
    "http://www.w3.org/TR/xhtml1/DTD/xhtml1-transitional.dtd">
<html xmlns="http://www.w3.org/1999/xhtml" xml:lang="en" lang="en">
 <head>
  <title>
</title>
<meta http-equiv="Content-Type" content="text/html;charset=utf-8" />
  <meta name='ocr-system' content='tesseract 3.04.00' />
  <meta name='ocr-capabilities' content='ocr_page ocr_carea ocr_par ocr_line ocrx_word'/>
</head>
<body>
  <div class='ocr_page' id='page_1' title='image "./diatribainpindar00luebuoft_0026.png"; bbox 0 0 2023 2891; ppageno 0'>
   <div class='ocr_carea' id='block_1_1' title="bbox 943 196 982 227">
    <p class='ocr_par' dir='ltr' id='par_1_1' title="bbox 943 196 982 227">
     <span class='ocr_line' id='line_1_1' title="bbox 943 196 982 227; baseline -0.026 0"><span class='ocrx_word' id='word_1_1' title='bbox 943 196 982 227; x_wconf 83' lang='lat'>22</span> 
     </span>
    </p>
   </div>
   <div class='ocr_carea' id='block_1_2' title="bbox 80 293 1862 667">
    <p class='ocr_par' dir='ltr' id='par_1_2' title="bbox 80 293 1862 667">
     <span class='ocr_line' id='line_1_2' title="bbox 80 293 1859 343; baseline -0.006 -8"><span class='ocrx_word' id='word_1_2' title='bbox 80 310 116 336; x_wconf 91' lang='lat' dir='ltr'>et</span> <span class='ocrx_word' id='word_1_3' title='bbox 146 304 180 334; x_wconf 90' lang='lat' dir='ltr'>in</span> <span class='ocrx_word' id='word_1_4' title='bbox 212 303 288 343; x_wconf 87' lang='lat' dir='ltr'>ipso</span> <span class='ocrx_word' id='word_1_5' title='bbox 310 299 515 341; x_wconf 78' lang='lat' dir='ltr'><strong>Amphiarai</strong></span> <span class='ocrx_word' id='word_1_6' title='bbox 549 299 698 337; x_wconf 81' lang='lat' dir='ltr'>interitu,</span> <span class='ocrx_word' id='word_1_7' title='bbox 725 303 941 338; x_wconf 83' lang='lat' dir='ltr'>quantopere</span> <span class='ocrx_word' id='word_1_8' title='bbox 962 296 1116 336; x_wconf 90' lang='lat' dir='ltr'>Iuppiter</span> <span class='ocrx_word' id='word_1_9' title='bbox 1140 305 1217 326; x_wconf 90' lang='lat' dir='ltr'>eum</span> <span class='ocrx_word' id='word_1_10' title='bbox 1253 293 1423 328; x_wconf 80' lang='lat' dir='ltr'><strong>dilexerit,</strong></span> <span class='ocrx_word' id='word_1_11' title='bbox 1458 293 1627 333; x_wconf 87' lang='lat' dir='ltr'>apparuit.</span> <span class='ocrx_word' id='word_1_12' title='bbox 1669 293 1792 325; x_wconf 88' lang='lat' dir='ltr'>Pulcre</span> <span class='ocrx_word' id='word_1_13' title='bbox 1815 293 1859 324; x_wconf 92' lang='lat' dir='ltr'>de</span> 
     </span>
     <span class='ocr_line' id='line_1_3' title="bbox 80 346 1860 398; baseline -0.007 -9"><span class='ocrx_word' id='word_1_14' title='bbox 80 357 295 398; x_wconf 81' lang='lat' dir='ltr'>Amphiarao</span> <span class='ocrx_word' id='word_1_15' title='bbox 326 360 423 386; x_wconf 86' lang='lat' dir='ltr'>vates</span> <span class='ocrx_word' id='word_1_16' title='bbox 446 352 650 384; x_wconf 83' lang='lat' dir='ltr'>Homericus</span> <span class='ocrx_word' id='word_1_17' title='bbox 682 352 833 392; x_wconf 87' lang='lat' dir='ltr'>loquitur</span> <span class='ocrx_word' id='word_1_18' title='bbox 857 351 982 391; x_wconf 85' lang='lat' dir='ltr'>Odyss.</span> <span class='ocrx_word' id='word_1_19' title='bbox 1007 361 1036 390; x_wconf 91' lang='lat'>0,</span> <span class='ocrx_word' id='word_1_20' title='bbox 1059 350 1119 381; x_wconf 85' lang='lat'>244</span> <span class='ocrx_word' id='word_1_21' title='bbox 1153 349 1320 381; x_wconf 89' lang='grc' dir='ltr'>λαοσσόον</span> <span class='ocrx_word' id='word_1_22' title='bbox 1339 347 1548 386; x_wconf 86' lang='grc' dir='ltr'>Ἀμφιάραον,</span> <span class='ocrx_word' id='word_1_23' title='bbox 1574 346 1587 387; x_wconf 80' lang='grc' dir='ltr'>ΙΙ</span> <span class='ocrx_word' id='word_1_24' title='bbox 1617 347 1654 378; x_wconf 93' lang='grc' dir='ltr'>ὃν</span> <span class='ocrx_word' id='word_1_25' title='bbox 1685 348 1757 386; x_wconf 89' lang='grc' dir='ltr'>περὶ</span> <span class='ocrx_word' id='word_1_26' title='bbox 1789 350 1860 386; x_wconf 88' lang='grc' dir='ltr'>κῆρι</span> 
     </span>
     <span class='ocr_line' id='line_1_4' title="bbox 80 400 1857 452; baseline -0.007 -8"><span class='ocrx_word' id='word_1_27' title='bbox 80 413 165 452; x_wconf 86' lang='grc' dir='ltr'>φίλει</span> <span class='ocrx_word' id='word_1_28' title='bbox 186 411 269 449; x_wconf 87' lang='grc' dir='ltr'>Ζεύς</span> <span class='ocrx_word' id='word_1_29' title='bbox 288 410 314 442; x_wconf 85' lang='grc' dir='ltr'>τ’</span> <span class='ocrx_word' id='word_1_30' title='bbox 340 409 481 447; x_wconf 87' lang='grc' dir='ltr'>αἰγίοχος</span> <span class='ocrx_word' id='word_1_31' title='bbox 504 408 554 439; x_wconf 88' lang='grc' dir='ltr'>καὶ</span> <span class='ocrx_word' id='word_1_32' title='bbox 574 407 744 438; x_wconf 70' lang='grc' dir='ltr'>Ἀπόλλων</span> <span class='ocrx_word' id='word_1_33' title='bbox 766 405 778 447; x_wconf 90' lang='grc' dir='ltr'>ΙΙ</span> <span class='ocrx_word' id='word_1_34' title='bbox 799 405 954 444; x_wconf 89' lang='grc' dir='ltr'>παντοίην</span> <span class='ocrx_word' id='word_1_35' title='bbox 977 403 1135 444; x_wconf 82' lang='grc' dir='ltr'>φιλότητ’·</span> <span class='ocrx_word' id='word_1_36' title='bbox 1170 403 1237 435; x_wconf 85' lang='grc' dir='ltr'>οὐδ’</span> <span class='ocrx_word' id='word_1_37' title='bbox 1256 403 1342 434; x_wconf 89' lang='grc' dir='ltr'>ἵκετο</span> <span class='ocrx_word' id='word_1_38' title='bbox 1375 402 1497 441; x_wconf 75' lang='grc' dir='ltr'>γήραος</span> <span class='ocrx_word' id='word_1_39' title='bbox 1520 401 1628 440; x_wconf 84' lang='grc' dir='ltr'>οὐδόν,</span> <span class='ocrx_word' id='word_1_40' title='bbox 1649 400 1661 441; x_wconf 83' lang='grc' dir='ltr'>ΙΙ</span> <span class='ocrx_word' id='word_1_41' title='bbox 1683 401 1751 432; x_wconf 85' lang='grc' dir='ltr'>ἀλλ’</span> <span class='ocrx_word' id='word_1_42' title='bbox 1775 401 1857 433; x_wconf 86' lang='grc' dir='ltr'>ὄλετ’</span> 
     </span>
     <span class='ocr_line' id='line_1_5' title="bbox 81 456 1857 506; baseline -0.007 -8"><span class='ocrx_word' id='word_1_43' title='bbox 81 467 115 499; x_wconf 82' lang='grc' dir='ltr'>ἐν</span> <span class='ocrx_word' id='word_1_44' title='bbox 139 466 262 506; x_wconf 88' lang='grc' dir='ltr'>Θήβῃσι</span> <span class='ocrx_word' id='word_1_45' title='bbox 283 463 423 502; x_wconf 86' lang='grc' dir='ltr'>γυναίων</span> <span class='ocrx_word' id='word_1_46' title='bbox 446 463 550 494; x_wconf 86' lang='grc' dir='ltr'>εἵνεκα</span> <span class='ocrx_word' id='word_1_47' title='bbox 571 462 694 500; x_wconf 80' lang='grc' dir='ltr'>δώρων.</span> <span class='ocrx_word' id='word_1_48' title='bbox 731 460 886 500; x_wconf 88' lang='lat' dir='ltr'>Iuppiter</span> <span class='ocrx_word' id='word_1_49' title='bbox 908 469 1011 499; x_wconf 89' lang='lat' dir='ltr'>quam</span> <span class='ocrx_word' id='word_1_50' title='bbox 1034 458 1142 489; x_wconf 83' lang='lat' dir='ltr'>amice</span> <span class='ocrx_word' id='word_1_51' title='bbox 1165 458 1198 488; x_wconf 90' lang='lat' dir='ltr'>in</span> <span class='ocrx_word' id='word_1_52' title='bbox 1221 463 1377 488; x_wconf 87' lang='lat' dir='ltr'>extremo</span> <span class='ocrx_word' id='word_1_53' title='bbox 1402 456 1596 487; x_wconf 82' lang='lat' dir='ltr'>discrimine</span> <span class='ocrx_word' id='word_1_54' title='bbox 1610 456 1857 496; x_wconf 81' lang='lat' dir='ltr'>Amphiaraum</span> 
     </span>
     <span class='ocr_line' id='line_1_6' title="bbox 81 510 1859 555; baseline -0.006 -4"><span class='ocrx_word' id='word_1_55' title='bbox 81 525 210 551; x_wconf 83' lang='lat' dir='ltr'>tutatus</span> <span class='ocrx_word' id='word_1_56' title='bbox 235 519 288 554; x_wconf 88' lang='lat' dir='ltr'>sit,</span> <span class='ocrx_word' id='word_1_57' title='bbox 311 517 480 548; x_wconf 83' lang='lat' dir='ltr'>Pindarus</span> <span class='ocrx_word' id='word_1_58' title='bbox 504 520 641 547; x_wconf 88' lang='lat' dir='ltr'>enarrat</span> <span class='ocrx_word' id='word_1_59' title='bbox 663 515 759 546; x_wconf 90' lang='lat' dir='ltr'>Nem.</span> <span class='ocrx_word' id='word_1_60' title='bbox 776 514 840 555; x_wconf 84' lang='lat' dir='ltr'>IX,</span> <span class='ocrx_word' id='word_1_61' title='bbox 856 515 896 545; x_wconf 85' lang='lat'>24</span> <span class='ocrx_word' id='word_1_62' title='bbox 919 514 937 545; x_wconf 91' lang='grc' dir='ltr'>ὁ</span> <span class='ocrx_word' id='word_1_63' title='bbox 960 513 987 544; x_wconf 83' lang='grc' dir='ltr'>δ’</span> <span class='ocrx_word' id='word_1_64' title='bbox 1012 512 1171 553; x_wconf 86' lang='grc' dir='ltr'>Ἀμφιάρῃ</span> <span class='ocrx_word' id='word_1_65' title='bbox 1195 512 1330 550; x_wconf 90' lang='grc' dir='ltr'>σχίσσεν</span> <span class='ocrx_word' id='word_1_66' title='bbox 1354 513 1499 551; x_wconf 84' lang='grc' dir='ltr'>κεραυνῷ</span> <span class='ocrx_word' id='word_1_67' title='bbox 1521 511 1640 551; x_wconf 84' lang='grc' dir='ltr'>παμβίᾳ</span> <span class='ocrx_word' id='word_1_68' title='bbox 1662 510 1674 551; x_wconf 79' lang='grc' dir='ltr'>Η</span> <span class='ocrx_word' id='word_1_69' title='bbox 1696 510 1779 548; x_wconf 87' lang='grc' dir='ltr'>Ζεύς</span> <span class='ocrx_word' id='word_1_70' title='bbox 1799 510 1859 541; x_wconf 89' lang='grc' dir='ltr'>τὰν</span> 
     </span>
     <span class='ocr_line' id='line_1_7' title="bbox 83 564 1862 614; baseline -0.006 -8"><span class='ocrx_word' id='word_1_71' title='bbox 83 574 299 614; x_wconf 88' lang='grc' dir='ltr'>βαθύστερνον</span> <span class='ocrx_word' id='word_1_72' title='bbox 330 572 438 611; x_wconf 78' lang='grc' dir='ltr'>χθόνα,</span> <span class='ocrx_word' id='word_1_73' title='bbox 473 571 594 610; x_wconf 88' lang='grc' dir='ltr'>κρύψεν</span> <span class='ocrx_word' id='word_1_74' title='bbox 617 573 643 602; x_wconf 80' lang='grc' dir='ltr'>δ’</span> <span class='ocrx_word' id='word_1_75' title='bbox 667 569 718 608; x_wconf 86' lang='grc' dir='ltr'>ἅμ’</span> <span class='ocrx_word' id='word_1_76' title='bbox 740 570 859 607; x_wconf 84' lang='grc' dir='ltr'>ἵπποις,</span> <span class='ocrx_word' id='word_1_77' title='bbox 893 567 904 608; x_wconf 84' lang='grc' dir='ltr'>Η</span> <span class='ocrx_word' id='word_1_78' title='bbox 936 567 1027 606; x_wconf 80' lang='grc' dir='ltr'>δουρὶ</span> <span class='ocrx_word' id='word_1_79' title='bbox 1048 566 1286 605; x_wconf 83' lang='grc' dir='ltr'>Περικλυμένου</span> <span class='ocrx_word' id='word_1_80' title='bbox 1321 566 1394 604; x_wconf 87' lang='grc' dir='ltr'>πρὶν</span> <span class='ocrx_word' id='word_1_81' title='bbox 1413 567 1501 597; x_wconf 86' lang='grc' dir='ltr'>νῶτα</span> <span class='ocrx_word' id='word_1_82' title='bbox 1522 565 1661 597; x_wconf 86' lang='grc' dir='ltr'>τυπέντα</span> <span class='ocrx_word' id='word_1_83' title='bbox 1684 565 1828 604; x_wconf 88' lang='grc' dir='ltr'>μαχατὰν</span> <span class='ocrx_word' id='word_1_84' title='bbox 1849 564 1862 605; x_wconf 80' lang='grc' dir='ltr'>Η</span> 
     </span>
     <span class='ocr_line' id='line_1_8' title="bbox 82 627 426 667; baseline -0.012 -6"><span class='ocrx_word' id='word_1_85' title='bbox 82 629 182 667; x_wconf 86' lang='grc' dir='ltr'>θυμὸν</span> <span class='ocrx_word' id='word_1_86' title='bbox 204 627 426 666; x_wconf 85' lang='grc' dir='ltr'>αἰσχυνθῆμεν.</span> 
     </span>
    </p>
   </div>
   <div class='ocr_carea' id='block_1_3' title="bbox 561 789 1388 826">
    <p class='ocr_par' dir='ltr' id='par_1_3' title="bbox 561 789 1388 826">
     <span class='ocr_line' id='line_1_9' title="bbox 561 789 1388 826; baseline -0.007 0"><span class='ocrx_word' id='word_1_87' title='bbox 561 795 610 826; x_wconf 86' lang='grc'>23.</span> <span class='ocrx_word' id='word_1_88' title='bbox 654 793 823 824; x_wconf 82' lang='lat' dir='ltr'>Pindarus</span> <span class='ocrx_word' id='word_1_89' title='bbox 846 803 904 823; x_wconf 87' lang='lat' dir='ltr'>cur</span> <span class='ocrx_word' id='word_1_90' title='bbox 927 793 1013 823; x_wconf 87' lang='lat' dir='ltr'>haec</span> <span class='ocrx_word' id='word_1_91' title='bbox 1037 790 1197 823; x_wconf 92' lang='lat' dir='ltr'>Chromio</span> <span class='ocrx_word' id='word_1_92' title='bbox 1220 789 1388 821; x_wconf 89' lang='lat' dir='ltr'>cecinerit.</span> 
     </span>
    </p>
   </div>
   <div class='ocr_carea' id='block_1_4' title="bbox 85 890 1862 1480">
    <p class='ocr_par' dir='ltr' id='par_1_4' title="bbox 85 890 1862 1480">
     <span class='ocr_line' id='line_1_10' title="bbox 231 890 1859 937; baseline -0.004 -9"><span class='ocrx_word' id='word_1_93' title='bbox 231 897 303 928; x_wconf 85' lang='lat' dir='ltr'>Iam</span> <span class='ocrx_word' id='word_1_94' title='bbox 325 897 429 937; x_wconf 86' lang='lat' dir='ltr'>igitur</span> <span class='ocrx_word' id='word_1_95' title='bbox 451 895 551 926; x_wconf 86' lang='lat' dir='ltr'>facile</span> <span class='ocrx_word' id='word_1_96' title='bbox 573 895 666 926; x_wconf 91' lang='lat' dir='ltr'>dictu</span> <span class='ocrx_word' id='word_1_97' title='bbox 690 900 751 934; x_wconf 82' lang='lat' dir='ltr'>est,</span> <span class='ocrx_word' id='word_1_98' title='bbox 778 893 935 925; x_wconf 79' lang='lat' dir='ltr'>carminis</span> <span class='ocrx_word' id='word_1_99' title='bbox 958 893 1054 923; x_wconf 88' lang='lat' dir='ltr'>Nem.</span> <span class='ocrx_word' id='word_1_100' title='bbox 1068 891 1121 922; x_wconf 88' lang='lat' dir='ltr'>IX</span> <span class='ocrx_word' id='word_1_101' title='bbox 1145 901 1277 922; x_wconf 86' lang='lat' dir='ltr'>summa</span> <span class='ocrx_word' id='word_1_102' title='bbox 1299 890 1467 921; x_wconf 88' lang='lat' dir='ltr'>sententia</span> <span class='ocrx_word' id='word_1_103' title='bbox 1489 891 1611 930; x_wconf 89' lang='lat' dir='ltr'>quibus</span> <span class='ocrx_word' id='word_1_104' title='bbox 1634 892 1859 931; x_wconf 85' lang='lat' dir='ltr'>potissumum</span> 
     </span>
     <span class='ocr_line' id='line_1_11' title="bbox 85 945 1861 989; baseline -0.003 -6"><span class='ocrx_word' id='word_1_105' title='bbox 85 953 187 983; x_wconf 91' lang='lat' dir='ltr'>rebus</span> <span class='ocrx_word' id='word_1_106' title='bbox 203 951 429 982; x_wconf 85' lang='lat' dir='ltr'>contineatur:</span> <span class='ocrx_word' id='word_1_107' title='bbox 454 951 596 981; x_wconf 87' lang='lat' dir='ltr'>duorum</span> <span class='ocrx_word' id='word_1_108' title='bbox 615 948 968 989; x_wconf 88' lang='lat' dir='ltr'>splendidissimorum</span> <span class='ocrx_word' id='word_1_109' title='bbox 982 948 1135 981; x_wconf 89' lang='lat' dir='ltr'>heroum,</span> <span class='ocrx_word' id='word_1_110' title='bbox 1160 946 1305 976; x_wconf 86' lang='lat' dir='ltr'>Adrasti</span> <span class='ocrx_word' id='word_1_111' title='bbox 1321 950 1355 976; x_wconf 86' lang='lat' dir='ltr'>et</span> <span class='ocrx_word' id='word_1_112' title='bbox 1366 945 1578 985; x_wconf 87' lang='lat' dir='ltr'>Amphiarai,</span> <span class='ocrx_word' id='word_1_113' title='bbox 1603 946 1771 986; x_wconf 81' lang='lat' dir='ltr'>exemplis</span> <span class='ocrx_word' id='word_1_114' title='bbox 1782 955 1861 986; x_wconf 89' lang='lat' dir='ltr'>pro-</span> 
     </span>
     <span class='ocr_line' id='line_1_12' title="bbox 85 999 1862 1046; baseline -0.005 -9"><span class='ocrx_word' id='word_1_115' title='bbox 85 1006 208 1046; x_wconf 90' lang='lat' dir='ltr'>positis</span> <span class='ocrx_word' id='word_1_116' title='bbox 230 1006 296 1036; x_wconf 90' lang='lat' dir='ltr'>duo</span> <span class='ocrx_word' id='word_1_117' title='bbox 320 1004 533 1044; x_wconf 87' lang='lat' dir='ltr'>ingeniorum</span> <span class='ocrx_word' id='word_1_118' title='bbox 555 1004 781 1034; x_wconf 87' lang='lat' dir='ltr'>humanorum</span> <span class='ocrx_word' id='word_1_119' title='bbox 814 1011 945 1043; x_wconf 81' lang='lat' dir='ltr'>genera</span> <span class='ocrx_word' id='word_1_120' title='bbox 978 1001 1065 1032; x_wconf 88' lang='lat' dir='ltr'>inter</span> <span class='ocrx_word' id='word_1_121' title='bbox 1097 1010 1134 1030; x_wconf 86' lang='lat' dir='ltr'>se</span> <span class='ocrx_word' id='word_1_122' title='bbox 1167 1005 1408 1040; x_wconf 87' lang='lat' dir='ltr'>comparantur</span> <span class='ocrx_word' id='word_1_123' title='bbox 1441 1005 1474 1030; x_wconf 87' lang='lat' dir='ltr'>et</span> <span class='ocrx_word' id='word_1_124' title='bbox 1496 1005 1609 1030; x_wconf 87' lang='lat' dir='ltr'>utrum</span> <span class='ocrx_word' id='word_1_125' title='bbox 1630 999 1862 1040; x_wconf 81' lang='lat' dir='ltr'>praestantius</span> 
     </span>
     <span class='ocr_line' id='line_1_13' title="bbox 87 1053 1859 1099; baseline -0.005 -8"><span class='ocrx_word' id='word_1_126' title='bbox 87 1062 139 1099; x_wconf 82' lang='lat' dir='ltr'>sit,</span> <span class='ocrx_word' id='word_1_127' title='bbox 162 1060 230 1091; x_wconf 91' lang='lat' dir='ltr'>leni</span> <span class='ocrx_word' id='word_1_128' title='bbox 251 1065 334 1090; x_wconf 88' lang='lat' dir='ltr'>nutu</span> <span class='ocrx_word' id='word_1_129' title='bbox 351 1070 370 1090; x_wconf 95' lang='lat' dir='ltr'>a</span> <span class='ocrx_word' id='word_1_130' title='bbox 386 1059 535 1089; x_wconf 87' lang='lat' dir='ltr'>Pindaro</span> <span class='ocrx_word' id='word_1_131' title='bbox 558 1057 778 1098; x_wconf 80' lang='lat' dir='ltr'>significatur.</span> <span class='ocrx_word' id='word_1_132' title='bbox 812 1055 964 1096; x_wconf 80' lang='lat' dir='ltr'>Quaerat</span> <span class='ocrx_word' id='word_1_133' title='bbox 980 1055 1158 1095; x_wconf 86' lang='lat' dir='ltr'>quispiam,</span> <span class='ocrx_word' id='word_1_134' title='bbox 1183 1064 1242 1085; x_wconf 89' lang='lat' dir='ltr'>cur</span> <span class='ocrx_word' id='word_1_135' title='bbox 1263 1055 1349 1085; x_wconf 88' lang='lat' dir='ltr'>haec</span> <span class='ocrx_word' id='word_1_136' title='bbox 1371 1054 1463 1094; x_wconf 91' lang='lat' dir='ltr'>apud</span> <span class='ocrx_word' id='word_1_137' title='bbox 1480 1053 1676 1085; x_wconf 89' lang='lat' dir='ltr'>Chromium</span> <span class='ocrx_word' id='word_1_138' title='bbox 1692 1054 1859 1084; x_wconf 83' lang='lat' dir='ltr'>Pindarus</span> 
     </span>
     <span class='ocr_line' id='line_1_14' title="bbox 88 1108 1861 1152; baseline -0.004 -7"><span class='ocrx_word' id='word_1_139' title='bbox 88 1115 312 1146; x_wconf 86' lang='lat' dir='ltr'>contionetur.</span> <span class='ocrx_word' id='word_1_140' title='bbox 357 1113 583 1152; x_wconf 85' lang='lat' dir='ltr'>Respondeo:</span> <span class='ocrx_word' id='word_1_141' title='bbox 619 1121 698 1142; x_wconf 89' lang='lat' dir='ltr'>ecce</span> <span class='ocrx_word' id='word_1_142' title='bbox 727 1111 893 1141; x_wconf 88' lang='lat' dir='ltr'>habemus</span> <span class='ocrx_word' id='word_1_143' title='bbox 925 1119 1027 1139; x_wconf 80' lang='lat' dir='ltr'>unam</span> <span class='ocrx_word' id='word_1_144' title='bbox 1057 1108 1207 1148; x_wconf 89' lang='lat' dir='ltr'>aliquam</span> <span class='ocrx_word' id='word_1_145' title='bbox 1230 1119 1347 1139; x_wconf 85' lang='lat' dir='ltr'>earum</span> <span class='ocrx_word' id='word_1_146' title='bbox 1381 1109 1627 1148; x_wconf 87' lang='lat' dir='ltr'>quaestionum,</span> <span class='ocrx_word' id='word_1_147' title='bbox 1661 1110 1703 1140; x_wconf 90' lang='lat' dir='ltr'>de</span> <span class='ocrx_word' id='word_1_148' title='bbox 1737 1108 1861 1148; x_wconf 86' lang='lat' dir='ltr'>quibus</span> 
     </span>
     <span class='ocr_line' id='line_1_15' title="bbox 86 1163 1860 1208; baseline -0.003 -8"><span class='ocrx_word' id='word_1_149' title='bbox 86 1169 281 1204; x_wconf 82' lang='lat' dir='ltr'>Pindarum,</span> <span class='ocrx_word' id='word_1_150' title='bbox 315 1177 383 1208; x_wconf 87' lang='lat' dir='ltr'>qua</span> <span class='ocrx_word' id='word_1_151' title='bbox 403 1173 477 1197; x_wconf 88' lang='lat' dir='ltr'>erat</span> <span class='ocrx_word' id='word_1_152' title='bbox 499 1166 626 1207; x_wconf 87' lang='lat' dir='ltr'>ingenii</span> <span class='ocrx_word' id='word_1_153' title='bbox 649 1171 682 1196; x_wconf 92' lang='lat' dir='ltr'>et</span> <span class='ocrx_word' id='word_1_154' title='bbox 710 1164 918 1195; x_wconf 84' lang='lat' dir='ltr'>sublimitate</span> <span class='ocrx_word' id='word_1_155' title='bbox 939 1169 973 1194; x_wconf 92' lang='lat' dir='ltr'>et</span> <span class='ocrx_word' id='word_1_156' title='bbox 998 1163 1180 1203; x_wconf 85' lang='lat' dir='ltr'>elegantia,</span> <span class='ocrx_word' id='word_1_157' title='bbox 1216 1173 1292 1194; x_wconf 91' lang='lat' dir='ltr'>cum</span> <span class='ocrx_word' id='word_1_158' title='bbox 1328 1163 1445 1194; x_wconf 87' lang='lat' dir='ltr'>amicis</span> <span class='ocrx_word' id='word_1_159' title='bbox 1479 1163 1692 1194; x_wconf 83' lang='lat' dir='ltr'>confabulari</span> <span class='ocrx_word' id='word_1_160' title='bbox 1725 1163 1860 1194; x_wconf 84' lang='lat' dir='ltr'>solitum</span> 
     </span>
     <span class='ocr_line' id='line_1_16' title="bbox 88 1217 1861 1258; baseline -0.003 -5"><span class='ocrx_word' id='word_1_161' title='bbox 88 1233 164 1253; x_wconf 85' lang='lat' dir='ltr'>esse</span> <span class='ocrx_word' id='word_1_162' title='bbox 186 1222 369 1253; x_wconf 86' lang='lat' dir='ltr'>verisimile</span> <span class='ocrx_word' id='word_1_163' title='bbox 393 1227 454 1252; x_wconf 88' lang='lat' dir='ltr'>est.</span> <span class='ocrx_word' id='word_1_164' title='bbox 498 1220 597 1250; x_wconf 88' lang='lat' dir='ltr'>Talia</span> <span class='ocrx_word' id='word_1_165' title='bbox 621 1220 677 1250; x_wconf 85' lang='lat' dir='ltr'>vel</span> <span class='ocrx_word' id='word_1_166' title='bbox 700 1219 787 1249; x_wconf 87' lang='lat' dir='ltr'>inter</span> <span class='ocrx_word' id='word_1_167' title='bbox 817 1218 942 1258; x_wconf 92' lang='lat' dir='ltr'>pocula</span> <span class='ocrx_word' id='word_1_168' title='bbox 964 1222 1148 1257; x_wconf 85' lang='lat' dir='ltr'>praesente</span> <span class='ocrx_word' id='word_1_169' title='bbox 1170 1217 1320 1248; x_wconf 89' lang='lat' dir='ltr'>Pindaro</span> <span class='ocrx_word' id='word_1_170' title='bbox 1355 1218 1446 1257; x_wconf 90' lang='lat' dir='ltr'>apud</span> <span class='ocrx_word' id='word_1_171' title='bbox 1471 1217 1667 1249; x_wconf 89' lang='lat' dir='ltr'>Chromium</span> <span class='ocrx_word' id='word_1_172' title='bbox 1691 1218 1861 1257; x_wconf 88' lang='lat' dir='ltr'>discepta-</span> 
     </span>
     <span class='ocr_line' id='line_1_17' title="bbox 86 1271 1861 1316; baseline -0.004 -8"><span class='ocrx_word' id='word_1_173' title='bbox 86 1278 219 1307; x_wconf 88' lang='lat' dir='ltr'>bantur.</span> <span class='ocrx_word' id='word_1_174' title='bbox 245 1276 328 1308; x_wconf 90' lang='lat' dir='ltr'>Cum</span> <span class='ocrx_word' id='word_1_175' title='bbox 341 1275 445 1316; x_wconf 87' lang='lat' dir='ltr'>igitur</span> <span class='ocrx_word' id='word_1_176' title='bbox 461 1284 574 1305; x_wconf 88' lang='lat' dir='ltr'>sermo</span> <span class='ocrx_word' id='word_1_177' title='bbox 590 1279 702 1304; x_wconf 92' lang='lat' dir='ltr'>motus</span> <span class='ocrx_word' id='word_1_178' title='bbox 719 1278 810 1304; x_wconf 89' lang='lat' dir='ltr'>esset</span> <span class='ocrx_word' id='word_1_179' title='bbox 827 1273 869 1303; x_wconf 92' lang='lat' dir='ltr'>de</span> <span class='ocrx_word' id='word_1_180' title='bbox 884 1282 968 1302; x_wconf 90' lang='lat' dir='ltr'>vera</span> <span class='ocrx_word' id='word_1_181' title='bbox 983 1271 1118 1301; x_wconf 83' lang='lat' dir='ltr'>virtutis</span> <span class='ocrx_word' id='word_1_182' title='bbox 1134 1276 1168 1302; x_wconf 88' lang='lat' dir='ltr'>et</span> <span class='ocrx_word' id='word_1_183' title='bbox 1183 1271 1333 1302; x_wconf 86' lang='lat' dir='ltr'>iustitiae</span> <span class='ocrx_word' id='word_1_184' title='bbox 1345 1272 1515 1302; x_wconf 87' lang='lat' dir='ltr'>humanae</span> <span class='ocrx_word' id='word_1_185' title='bbox 1531 1277 1653 1303; x_wconf 89' lang='lat' dir='ltr'>natura</span> <span class='ocrx_word' id='word_1_186' title='bbox 1670 1277 1704 1302; x_wconf 86' lang='lat' dir='ltr'>et</span> <span class='ocrx_word' id='word_1_187' title='bbox 1719 1271 1861 1311; x_wconf 83' lang='lat' dir='ltr'>ratione,</span> 
     </span>
     <span class='ocr_line' id='line_1_18' title="bbox 89 1326 1860 1371; baseline -0.004 -9"><span class='ocrx_word' id='word_1_188' title='bbox 89 1341 233 1371; x_wconf 90' lang='lat' dir='ltr'>cumque</span> <span class='ocrx_word' id='word_1_189' title='bbox 256 1331 312 1361; x_wconf 89' lang='lat' dir='ltr'>alii</span> <span class='ocrx_word' id='word_1_190' title='bbox 332 1330 552 1365; x_wconf 85' lang='lat' dir='ltr'>Adrasteam,</span> <span class='ocrx_word' id='word_1_191' title='bbox 584 1329 639 1359; x_wconf 85' lang='lat' dir='ltr'>alii</span> <span class='ocrx_word' id='word_1_192' title='bbox 662 1327 933 1367; x_wconf 86' lang='lat' dir='ltr'>Amphiaraeam</span> <span class='ocrx_word' id='word_1_193' title='bbox 955 1326 1089 1356; x_wconf 88' lang='lat' dir='ltr'>virtutis</span> <span class='ocrx_word' id='word_1_194' title='bbox 1113 1326 1332 1365; x_wconf 84' lang='lat' dir='ltr'>expetendae</span> <span class='ocrx_word' id='word_1_195' title='bbox 1355 1327 1511 1366; x_wconf 76' lang='lat' dir='ltr'>regulam</span> <span class='ocrx_word' id='word_1_196' title='bbox 1535 1326 1712 1357; x_wconf 88' lang='lat' dir='ltr'>defensum</span> <span class='ocrx_word' id='word_1_197' title='bbox 1733 1326 1860 1361; x_wconf 85' lang='lat' dir='ltr'>iissent,</span> 
     </span>
     <span class='ocr_line' id='line_1_19' title="bbox 88 1380 1861 1421; baseline -0.003 -5"><span class='ocrx_word' id='word_1_198' title='bbox 88 1386 258 1416; x_wconf 86' lang='lat' dir='ltr'>Pindarus</span> <span class='ocrx_word' id='word_1_199' title='bbox 279 1384 379 1415; x_wconf 86' lang='lat' dir='ltr'>huius</span> <span class='ocrx_word' id='word_1_200' title='bbox 402 1384 559 1415; x_wconf 89' lang='lat' dir='ltr'>carminis</span> <span class='ocrx_word' id='word_1_201' title='bbox 594 1383 775 1414; x_wconf 89' lang='lat' dir='ltr'>occasione</span> <span class='ocrx_word' id='word_1_202' title='bbox 803 1382 921 1412; x_wconf 84' lang='lat' dir='ltr'>oblata</span> <span class='ocrx_word' id='word_1_203' title='bbox 951 1390 1042 1416; x_wconf 78' lang='lat' dir='ltr'>usuS,</span> <span class='ocrx_word' id='word_1_204' title='bbox 1076 1390 1178 1420; x_wconf 88' lang='lat' dir='ltr'>quam</span> <span class='ocrx_word' id='word_1_205' title='bbox 1208 1380 1283 1420; x_wconf 87' lang='lat' dir='ltr'>ipse</span> <span class='ocrx_word' id='word_1_206' title='bbox 1318 1381 1361 1411; x_wconf 91' lang='lat' dir='ltr'>de</span> <span class='ocrx_word' id='word_1_207' title='bbox 1395 1391 1526 1411; x_wconf 89' lang='lat' dir='ltr'>summo</span> <span class='ocrx_word' id='word_1_208' title='bbox 1556 1381 1648 1412; x_wconf 88' lang='lat' dir='ltr'>vitae</span> <span class='ocrx_word' id='word_1_209' title='bbox 1681 1380 1861 1421; x_wconf 90' lang='lat' dir='ltr'>proposito</span> 
     </span>
     <span class='ocr_line' id='line_1_20' title="bbox 90 1434 1317 1480; baseline -0.004 -10"><span class='ocrx_word' id='word_1_210' title='bbox 90 1440 237 1480; x_wconf 85' lang='lat' dir='ltr'>speciem</span> <span class='ocrx_word' id='word_1_211' title='bbox 262 1439 374 1469; x_wconf 88' lang='lat' dir='ltr'>animo</span> <span class='ocrx_word' id='word_1_212' title='bbox 399 1439 624 1479; x_wconf 87' lang='lat' dir='ltr'>concepisset,</span> <span class='ocrx_word' id='word_1_213' title='bbox 649 1437 807 1468; x_wconf 87' lang='lat' dir='ltr'>Chromio</span> <span class='ocrx_word' id='word_1_214' title='bbox 833 1441 867 1467; x_wconf 89' lang='lat' dir='ltr'>et</span> <span class='ocrx_word' id='word_1_215' title='bbox 890 1435 1006 1466; x_wconf 85' lang='lat' dir='ltr'>amicis</span> <span class='ocrx_word' id='word_1_216' title='bbox 1028 1434 1178 1466; x_wconf 88' lang='lat' dir='ltr'>indicare</span> <span class='ocrx_word' id='word_1_217' title='bbox 1201 1435 1317 1465; x_wconf 88' lang='lat' dir='ltr'>voluit.</span> 
     </span>
    </p>
   </div>
  </div>
 </body>
</html>
