<?xml version="1.0" encoding="UTF-8"?>
<!DOCTYPE html PUBLIC "-//W3C//DTD XHTML 1.0 Transitional//EN"
    "http://www.w3.org/TR/xhtml1/DTD/xhtml1-transitional.dtd">
<html xmlns="http://www.w3.org/1999/xhtml" xml:lang="en" lang="en">
 <head>
  <title>
</title>
<meta http-equiv="Content-Type" content="text/html;charset=utf-8" />
  <meta name='ocr-system' content='tesseract 3.04.00' />
  <meta name='ocr-capabilities' content='ocr_page ocr_carea ocr_par ocr_line ocrx_word'/>
</head>
<body>
  <div class='ocr_page' id='page_1' title='image "./diatribainpindar00luebuoft_0008.png"; bbox 0 0 2023 2891; ppageno 0'>
   <div class='ocr_carea' id='block_1_1' title="bbox 990 187 1008 216">
    <p class='ocr_par' dir='ltr' id='par_1_1' title="bbox 990 187 1008 216">
     <span class='ocr_line' id='line_1_1' title="bbox 990 187 1008 216; baseline 0 0"><span class='ocrx_word' id='word_1_1' title='bbox 990 187 1008 216; x_wconf 78' lang='lat'><strong>4</strong></span> 
     </span>
    </p>
   </div>
   <div class='ocr_carea' id='block_1_2' title="bbox 106 286 1900 1780">
    <p class='ocr_par' dir='ltr' id='par_1_2' title="bbox 106 286 1900 1780">
     <span class='ocr_line' id='line_1_2' title="bbox 107 286 1893 327; baseline -0.003 -6"><span class='ocrx_word' id='word_1_2' title='bbox 107 291 261 325; x_wconf 85' lang='grc' dir='ltr'>Σικυῶνα,</span> <span class='ocrx_word' id='word_1_3' title='bbox 284 290 335 320; x_wconf 88' lang='grc' dir='ltr'>καὶ</span> <span class='ocrx_word' id='word_1_4' title='bbox 357 289 414 327; x_wconf 91' lang='grc' dir='ltr'>τὴν</span> <span class='ocrx_word' id='word_1_5' title='bbox 438 290 495 320; x_wconf 87' lang='grc' dir='ltr'>τοῦ</span> <span class='ocrx_word' id='word_1_6' title='bbox 521 288 764 327; x_wconf 85' lang='grc' dir='ltr'>μητροπάτορος</span> <span class='ocrx_word' id='word_1_7' title='bbox 788 287 952 327; x_wconf 81' lang='grc' dir='ltr'>βασιλείαν</span> <span class='ocrx_word' id='word_1_8' title='bbox 975 288 1081 326; x_wconf 85' lang='grc' dir='ltr'>λαβὼν</span> <span class='ocrx_word' id='word_1_9' title='bbox 1105 287 1292 325; x_wconf 81' lang='grc' dir='ltr'>ἐβασίλευσε</span> <span class='ocrx_word' id='word_1_10' title='bbox 1308 289 1365 325; x_wconf 84' lang='grc' dir='ltr'>τῆς</span> <span class='ocrx_word' id='word_1_11' title='bbox 1382 287 1556 325; x_wconf 82' lang='grc' dir='ltr'>Σικυῶνος.</span> <span class='ocrx_word' id='word_1_12' title='bbox 1586 286 1659 317; x_wconf 89' lang='lat' dir='ltr'>Iam</span> <span class='ocrx_word' id='word_1_13' title='bbox 1676 296 1759 317; x_wconf 91' lang='lat' dir='ltr'>vero</span> <span class='ocrx_word' id='word_1_14' title='bbox 1776 291 1893 317; x_wconf 88' lang='lat' dir='ltr'>notum</span> 
     </span>
     <span class='ocr_line' id='line_1_3' title="bbox 107 339 1892 384; baseline -0.002 -10"><span class='ocrx_word' id='word_1_15' title='bbox 107 349 169 380; x_wconf 86' lang='lat' dir='ltr'>est,</span> <span class='ocrx_word' id='word_1_16' title='bbox 193 348 323 384; x_wconf 88' lang='lat' dir='ltr'>quanto</span> <span class='ocrx_word' id='word_1_17' title='bbox 348 343 460 373; x_wconf 90' lang='lat' dir='ltr'>studio</span> <span class='ocrx_word' id='word_1_18' title='bbox 485 342 675 373; x_wconf 77' lang='lat' dir='ltr'>Clisthenes</span> <span class='ocrx_word' id='word_1_19' title='bbox 698 341 832 372; x_wconf 88' lang='lat' dir='ltr'>conisus</span> <span class='ocrx_word' id='word_1_20' title='bbox 856 341 908 376; x_wconf 80' lang='lat' dir='ltr'>sit,</span> <span class='ocrx_word' id='word_1_21' title='bbox 931 346 967 371; x_wconf 92' lang='lat' dir='ltr'>ut</span> <span class='ocrx_word' id='word_1_22' title='bbox 990 342 1055 371; x_wconf 87' lang='lat' dir='ltr'>hoc</span> <span class='ocrx_word' id='word_1_23' title='bbox 1078 340 1165 371; x_wconf 91' lang='lat' dir='ltr'>inter</span> <span class='ocrx_word' id='word_1_24' title='bbox 1182 340 1352 380; x_wconf 90' lang='lat' dir='ltr'>Polybum</span> <span class='ocrx_word' id='word_1_25' title='bbox 1370 346 1404 370; x_wconf 91' lang='lat' dir='ltr'>et</span> <span class='ocrx_word' id='word_1_26' title='bbox 1420 339 1610 370; x_wconf 78' lang='lat' dir='ltr'>Adrastum</span> <span class='ocrx_word' id='word_1_27' title='bbox 1627 340 1892 380; x_wconf 79' lang='lat' dir='ltr'>propinquitatis</span> 
     </span>
     <span class='ocr_line' id='line_1_4' title="bbox 106 393 1892 435; baseline -0.002 -7"><span class='ocrx_word' id='word_1_28' title='bbox 106 398 278 429; x_wconf 89' lang='lat' dir='ltr'>vinculum</span> <span class='ocrx_word' id='word_1_29' title='bbox 302 408 346 428; x_wconf 85' lang='lat' dir='ltr'>ex</span> <span class='ocrx_word' id='word_1_30' title='bbox 368 397 544 427; x_wconf 91' lang='lat' dir='ltr'>hominum</span> <span class='ocrx_word' id='word_1_31' title='bbox 567 396 731 427; x_wconf 90' lang='lat' dir='ltr'>memoria</span> <span class='ocrx_word' id='word_1_32' title='bbox 755 395 985 435; x_wconf 75' lang='lat' dir='ltr'>extingueret,</span> <span class='ocrx_word' id='word_1_33' title='bbox 1018 395 1116 424; x_wconf 89' lang='lat' dir='ltr'>simul</span> <span class='ocrx_word' id='word_1_34' title='bbox 1143 399 1180 424; x_wconf 92' lang='lat' dir='ltr'>ut</span> <span class='ocrx_word' id='word_1_35' title='bbox 1204 393 1347 424; x_wconf 75' lang='lat' dir='ltr'>Adrasti</span> <span class='ocrx_word' id='word_1_36' title='bbox 1382 404 1527 434; x_wconf 89' lang='lat' dir='ltr'>regnum</span> <span class='ocrx_word' id='word_1_37' title='bbox 1560 403 1662 433; x_wconf 89' lang='lat' dir='ltr'>quam</span> <span class='ocrx_word' id='word_1_38' title='bbox 1687 394 1892 434; x_wconf 84' lang='lat' dir='ltr'>longissimo</span> 
     </span>
     <span class='ocr_line' id='line_1_5' title="bbox 107 447 1894 491; baseline -0.003 -8"><span class='ocrx_word' id='word_1_39' title='bbox 107 452 289 483; x_wconf 86' lang='lat' dir='ltr'>intervallo</span> <span class='ocrx_word' id='word_1_40' title='bbox 314 463 334 482; x_wconf 89' lang='lat' dir='ltr'>a</span> <span class='ocrx_word' id='word_1_41' title='bbox 356 451 493 491; x_wconf 87' lang='lat' dir='ltr'>Polybo</span> <span class='ocrx_word' id='word_1_42' title='bbox 526 451 707 481; x_wconf 80' lang='lat' dir='ltr'>dirimeret.</span> <span class='ocrx_word' id='word_1_43' title='bbox 753 450 946 481; x_wconf 78' lang='lat' dir='ltr'>Clisthenes</span> <span class='ocrx_word' id='word_1_44' title='bbox 974 449 1116 479; x_wconf 87' lang='lat' dir='ltr'>duorum</span> <span class='ocrx_word' id='word_1_45' title='bbox 1141 458 1262 488; x_wconf 88' lang='lat' dir='ltr'>regum</span> <span class='ocrx_word' id='word_1_46' title='bbox 1285 458 1404 487; x_wconf 84' lang='lat' dir='ltr'>regna⁷</span> <span class='ocrx_word' id='word_1_47' title='bbox 1431 447 1548 478; x_wconf 81' lang='lat' dir='ltr'>Inachi</span> <span class='ocrx_word' id='word_1_48' title='bbox 1572 453 1606 478; x_wconf 91' lang='lat' dir='ltr'>et</span> <span class='ocrx_word' id='word_1_49' title='bbox 1628 447 1779 485; x_wconf 88' lang='lat' dir='ltr'>Phaesti,</span> <span class='ocrx_word' id='word_1_50' title='bbox 1812 452 1894 488; x_wconf 87' lang='lat' dir='ltr'>post</span> 
     </span>
     <span class='ocr_line' id='line_1_6' title="bbox 106 502 1893 546; baseline -0.003 -9"><span class='ocrx_word' id='word_1_51' title='bbox 106 507 278 546; x_wconf 91' lang='lat' dir='ltr'>Polybum</span> <span class='ocrx_word' id='word_1_52' title='bbox 303 506 495 541; x_wconf 82' lang='lat' dir='ltr'>collocavit,</span> <span class='ocrx_word' id='word_1_53' title='bbox 520 506 663 536; x_wconf 87' lang='lat' dir='ltr'>alterum</span> <span class='ocrx_word' id='word_1_54' title='bbox 687 515 852 535; x_wconf 88' lang='lat' dir='ltr'>annorum</span> <span class='ocrx_word' id='word_1_55' title='bbox 870 505 918 542; x_wconf 80' lang='lat'>42,</span> <span class='ocrx_word' id='word_1_56' title='bbox 942 504 1086 534; x_wconf 87' lang='lat' dir='ltr'>alterum</span> <span class='ocrx_word' id='word_1_57' title='bbox 1111 512 1275 532; x_wconf 88' lang='lat' dir='ltr'>annorum</span> <span class='ocrx_word' id='word_1_58' title='bbox 1291 503 1319 537; x_wconf 85' lang='lat'>8,</span> <span class='ocrx_word' id='word_1_59' title='bbox 1344 512 1420 532; x_wconf 89' lang='lat' dir='ltr'>eum</span> <span class='ocrx_word' id='word_1_60' title='bbox 1443 502 1476 532; x_wconf 92' lang='lat' dir='ltr'>in</span> <span class='ocrx_word' id='word_1_61' title='bbox 1493 503 1641 538; x_wconf 90' lang='lat' dir='ltr'>modum,</span> <span class='ocrx_word' id='word_1_62' title='bbox 1666 507 1702 532; x_wconf 92' lang='lat' dir='ltr'>ut</span> <span class='ocrx_word' id='word_1_63' title='bbox 1727 502 1893 542; x_wconf 88' lang='lat' dir='ltr'>quinqua-</span> 
     </span>
     <span class='ocr_line' id='line_1_7' title="bbox 106 556 1892 601; baseline -0.003 -10"><span class='ocrx_word' id='word_1_64' title='bbox 106 561 205 601; x_wconf 89' lang='lat' dir='ltr'>ginta</span> <span class='ocrx_word' id='word_1_65' title='bbox 238 570 405 591; x_wconf 90' lang='lat' dir='ltr'>annorum</span> <span class='ocrx_word' id='word_1_66' title='bbox 438 559 550 601; x_wconf 91' lang='lat' dir='ltr'>spatio</span> <span class='ocrx_word' id='word_1_67' title='bbox 585 559 759 589; x_wconf 74' lang='lat' dir='ltr'>Adrastus</span> <span class='ocrx_word' id='word_1_68' title='bbox 788 569 808 588; x_wconf 95' lang='lat' dir='ltr'>a</span> <span class='ocrx_word' id='word_1_69' title='bbox 837 559 973 598; x_wconf 84' lang='lat' dir='ltr'>Polybo</span> <span class='ocrx_word' id='word_1_70' title='bbox 1002 558 1244 596; x_wconf 86' lang='lat' dir='ltr'>diiungeretur.</span> <span class='ocrx_word' id='word_1_71' title='bbox 1295 556 1332 586; x_wconf 92' lang='lat' dir='ltr'>In</span> <span class='ocrx_word' id='word_1_72' title='bbox 1364 556 1503 586; x_wconf 86' lang='lat' dir='ltr'>Eusebii</span> <span class='ocrx_word' id='word_1_73' title='bbox 1537 556 1661 587; x_wconf 88' lang='lat' dir='ltr'>Chron.</span> <span class='ocrx_word' id='word_1_74' title='bbox 1689 557 1755 587; x_wconf 93' lang='lat' dir='ltr'>vol.</span> <span class='ocrx_word' id='word_1_75' title='bbox 1782 556 1816 586; x_wconf 93' lang='lat' dir='ltr'>II</span> <span class='ocrx_word' id='word_1_76' title='bbox 1840 556 1892 587; x_wconf 87' lang='lat' dir='ltr'>ed.</span> 
     </span>
     <span class='ocr_line' id='line_1_8' title="bbox 107 609 1894 654; baseline -0.003 -8"><span class='ocrx_word' id='word_1_77' title='bbox 107 614 265 646; x_wconf 89' lang='lat' dir='ltr'>Schoene</span> <span class='ocrx_word' id='word_1_78' title='bbox 288 625 320 654; x_wconf 90' lang='lat' dir='ltr'>p.</span> <span class='ocrx_word' id='word_1_79' title='bbox 343 615 465 645; x_wconf 79' lang='lat'>45—51</span> <span class='ocrx_word' id='word_1_80' title='bbox 491 614 723 654; x_wconf 86' lang='lat' dir='ltr'>Hieronymus</span> <span class='ocrx_word' id='word_1_81' title='bbox 745 614 832 644; x_wconf 89' lang='lat' dir='ltr'>haec</span> <span class='ocrx_word' id='word_1_82' title='bbox 863 623 983 652; x_wconf 89' lang='lat' dir='ltr'>regum</span> <span class='ocrx_word' id='word_1_83' title='bbox 1012 612 1148 642; x_wconf 88' lang='lat' dir='ltr'>nomina</span> <span class='ocrx_word' id='word_1_84' title='bbox 1177 612 1298 641; x_wconf 83' lang='lat' dir='ltr'>habet:</span> <span class='ocrx_word' id='word_1_85' title='bbox 1333 610 1472 651; x_wconf 69' lang='lat' dir='ltr'>Polybus</span> <span class='ocrx_word' id='word_1_86' title='bbox 1494 609 1598 641; x_wconf 74' lang='lat' dir='ltr'>annis</span> <span class='ocrx_word' id='word_1_87' title='bbox 1620 612 1666 643; x_wconf 80' lang='grc'>40</span> <span class='ocrx_word' id='word_1_88' title='bbox 1697 610 1894 651; x_wconf 81' lang='lat' dir='ltr'>(Syncellus</span> 
     </span>
     <span class='ocr_line' id='line_1_9' title="bbox 108 664 1894 708; baseline -0.002 -8"><span class='ocrx_word' id='word_1_89' title='bbox 108 670 161 701; x_wconf 91' lang='lat' dir='ltr'>ed.</span> <span class='ocrx_word' id='word_1_90' title='bbox 184 669 286 700; x_wconf 89' lang='lat' dir='ltr'>Dind.</span> <span class='ocrx_word' id='word_1_91' title='bbox 309 679 341 708; x_wconf 89' lang='lat' dir='ltr'>p.</span> <span class='ocrx_word' id='word_1_92' title='bbox 365 669 434 704; x_wconf 83' lang='lat'>279,</span> <span class='ocrx_word' id='word_1_93' title='bbox 470 669 508 700; x_wconf 86' lang='grc'>16</span> <span class='ocrx_word' id='word_1_94' title='bbox 539 679 646 699; x_wconf 86' lang='lat' dir='ltr'>annos</span> <span class='ocrx_word' id='word_1_95' title='bbox 669 668 775 698; x_wconf 88' lang='lat' dir='ltr'>habet</span> <span class='ocrx_word' id='word_1_96' title='bbox 796 667 866 703; x_wconf 68' lang='lat'>43);</span> <span class='ocrx_word' id='word_1_97' title='bbox 900 666 1046 697; x_wconf 68' lang='lat' dir='ltr'>Inachus</span> <span class='ocrx_word' id='word_1_98' title='bbox 1069 677 1096 696; x_wconf 82' lang='lat' dir='ltr'>a.</span> <span class='ocrx_word' id='word_1_99' title='bbox 1120 666 1165 697; x_wconf 78' lang='lat'>42</span> <span class='ocrx_word' id='word_1_100' title='bbox 1198 664 1360 704; x_wconf 72' lang='lat' dir='ltr'>(Syncell.</span> <span class='ocrx_word' id='word_1_101' title='bbox 1385 675 1414 704; x_wconf 90' lang='lat' dir='ltr'>p.</span> <span class='ocrx_word' id='word_1_102' title='bbox 1439 665 1508 699; x_wconf 77' lang='lat'>279,</span> <span class='ocrx_word' id='word_1_103' title='bbox 1534 664 1602 704; x_wconf 82' lang='lat'>18);</span> <span class='ocrx_word' id='word_1_104' title='bbox 1636 664 1798 695; x_wconf 74' lang='lat' dir='ltr'>leeslus</span> <span class='ocrx_word' id='word_1_105' title='bbox 1819 675 1848 696; x_wconf 83' lang='lat' dir='ltr'>a.</span> <span class='ocrx_word' id='word_1_106' title='bbox 1871 664 1894 698; x_wconf 88' lang='grc'><em>8</em></span> 
     </span>
     <span class='ocr_line' id='line_1_10' title="bbox 108 719 1895 763; baseline -0.002 -10"><span class='ocrx_word' id='word_1_107' title='bbox 108 722 304 763; x_wconf 88' lang='lat' dir='ltr'>(Syncellus</span> <span class='ocrx_word' id='word_1_108' title='bbox 328 733 359 762; x_wconf 93' lang='lat' dir='ltr'>p.</span> <span class='ocrx_word' id='word_1_109' title='bbox 383 723 453 762; x_wconf 83' lang='lat'>280,</span> <span class='ocrx_word' id='word_1_110' title='bbox 480 723 494 753; x_wconf 87' lang='lat'>1</span> <span class='ocrx_word' id='word_1_111' title='bbox 517 721 699 760; x_wconf 84' lang='grc' dir='ltr'>Ἥφαιστος</span> <span class='ocrx_word' id='word_1_112' title='bbox 722 721 776 759; x_wconf 79' lang='grc' dir='ltr'>ἔτη</span> <span class='ocrx_word' id='word_1_113' title='bbox 800 723 843 759; x_wconf 87' lang='grc' dir='ltr'>ι’);</span> <span class='ocrx_word' id='word_1_114' title='bbox 879 720 1049 750; x_wconf 69' lang='lat' dir='ltr'>Adrastus</span> <span class='ocrx_word' id='word_1_115' title='bbox 1070 731 1099 750; x_wconf 78' lang='lat' dir='ltr'>a.</span> <span class='ocrx_word' id='word_1_116' title='bbox 1123 721 1145 751; x_wconf 79' lang='lat'><em>4</em></span> <span class='ocrx_word' id='word_1_117' title='bbox 1179 720 1343 760; x_wconf 85' lang='lat' dir='ltr'>(Syncell.</span> <span class='ocrx_word' id='word_1_118' title='bbox 1366 730 1399 759; x_wconf 89' lang='lat' dir='ltr'>p.</span> <span class='ocrx_word' id='word_1_119' title='bbox 1421 720 1490 755; x_wconf 81' lang='lat'>280,</span> <span class='ocrx_word' id='word_1_120' title='bbox 1514 721 1532 750; x_wconf 81' lang='lat'><strong>3</strong></span> <span class='ocrx_word' id='word_1_121' title='bbox 1564 730 1673 750; x_wconf 88' lang='lat' dir='ltr'>annos</span> <span class='ocrx_word' id='word_1_122' title='bbox 1699 720 1740 758; x_wconf 86' lang='lat'>7).</span> <span class='ocrx_word' id='word_1_123' title='bbox 1786 719 1895 760; x_wconf 87' lang='lat' dir='ltr'>Atqui</span> 
     </span>
     <span class='ocr_line' id='line_1_11' title="bbox 107 774 1895 815; baseline -0.002 -8"><span class='ocrx_word' id='word_1_124' title='bbox 107 778 194 808; x_wconf 90' lang='lat' dir='ltr'>haec</span> <span class='ocrx_word' id='word_1_125' title='bbox 217 776 401 807; x_wconf 90' lang='lat' dir='ltr'>Clisthenis</span> <span class='ocrx_word' id='word_1_126' title='bbox 431 786 552 815; x_wconf 90' lang='lat' dir='ltr'>regum</span> <span class='ocrx_word' id='word_1_127' title='bbox 577 775 779 815; x_wconf 87' lang='lat' dir='ltr'>anagrapha</span> <span class='ocrx_word' id='word_1_128' title='bbox 801 781 932 805; x_wconf 89' lang='lat' dir='ltr'>tantum</span> <span class='ocrx_word' id='word_1_129' title='bbox 966 785 1074 814; x_wconf 88' lang='lat' dir='ltr'>penes</span> <span class='ocrx_word' id='word_1_130' title='bbox 1104 774 1255 805; x_wconf 88' lang='lat' dir='ltr'>eruditos</span> <span class='ocrx_word' id='word_1_131' title='bbox 1285 774 1444 813; x_wconf 85' lang='lat' dir='ltr'>antiquos</span> <span class='ocrx_word' id='word_1_132' title='bbox 1478 774 1633 804; x_wconf 90' lang='lat' dir='ltr'>homines</span> <span class='ocrx_word' id='word_1_133' title='bbox 1667 774 1827 813; x_wconf 80' lang='lat' dir='ltr'>plausum</span> <span class='ocrx_word' id='word_1_134' title='bbox 1861 779 1895 804; x_wconf 88' lang='lat' dir='ltr'>et</span> 
     </span>
     <span class='ocr_line' id='line_1_12' title="bbox 109 828 1895 868; baseline -0.002 -7"><span class='ocrx_word' id='word_1_135' title='bbox 109 830 351 861; x_wconf 88' lang='lat' dir='ltr'>auctoritatem</span> <span class='ocrx_word' id='word_1_136' title='bbox 384 835 486 860; x_wconf 90' lang='lat' dir='ltr'>nacta</span> <span class='ocrx_word' id='word_1_137' title='bbox 515 835 576 864; x_wconf 87' lang='lat' dir='ltr'>est,</span> <span class='ocrx_word' id='word_1_138' title='bbox 612 835 648 859; x_wconf 92' lang='lat' dir='ltr'>ut</span> <span class='ocrx_word' id='word_1_139' title='bbox 677 829 750 859; x_wconf 88' lang='lat' dir='ltr'>fere</span> <span class='ocrx_word' id='word_1_140' title='bbox 780 829 862 864; x_wconf 86' lang='lat' dir='ltr'>sola,</span> <span class='ocrx_word' id='word_1_141' title='bbox 896 829 1120 868; x_wconf 73' lang='lat' dir='ltr'>potissumum</span> <span class='ocrx_word' id='word_1_142' title='bbox 1144 834 1223 868; x_wconf 89' lang='lat' dir='ltr'>post</span> <span class='ocrx_word' id='word_1_143' title='bbox 1247 828 1513 868; x_wconf 89' lang='lat' dir='ltr'>Apollodorum,</span> <span class='ocrx_word' id='word_1_144' title='bbox 1547 833 1721 868; x_wconf 77' lang='lat' dir='ltr'>regnaret.</span> <span class='ocrx_word' id='word_1_145' title='bbox 1765 828 1818 858; x_wconf 85' lang='lat' dir='ltr'>Ex</span> <span class='ocrx_word' id='word_1_146' title='bbox 1843 828 1895 858; x_wconf 89' lang='lat' dir='ltr'>his</span> 
     </span>
     <span class='ocr_line' id='line_1_13' title="bbox 109 882 1896 925; baseline -0.002 -10"><span class='ocrx_word' id='word_1_147' title='bbox 109 886 231 925; x_wconf 87' lang='lat' dir='ltr'>opinor</span> <span class='ocrx_word' id='word_1_148' title='bbox 255 890 409 925; x_wconf 81' lang='lat' dir='ltr'>apparet,</span> <span class='ocrx_word' id='word_1_149' title='bbox 433 895 537 924; x_wconf 84' lang='lat' dir='ltr'>quam</span> <span class='ocrx_word' id='word_1_150' title='bbox 560 884 629 914; x_wconf 89' lang='lat' dir='ltr'>vim</span> <span class='ocrx_word' id='word_1_151' title='bbox 652 884 780 914; x_wconf 83' lang='lat' dir='ltr'>habeat</span> <span class='ocrx_word' id='word_1_152' title='bbox 795 883 989 914; x_wconf 79' lang='lat' dir='ltr'>Pausaniae</span> <span class='ocrx_word' id='word_1_153' title='bbox 1012 893 1087 912; x_wconf 89' lang='lat' dir='ltr'>eum</span> <span class='ocrx_word' id='word_1_154' title='bbox 1105 883 1332 913; x_wconf 82' lang='lat' dir='ltr'>Menaechmo</span> <span class='ocrx_word' id='word_1_155' title='bbox 1356 883 1389 912; x_wconf 88' lang='lat' dir='ltr'>in</span> <span class='ocrx_word' id='word_1_156' title='bbox 1413 882 1605 922; x_wconf 87' lang='lat' dir='ltr'>antiquiore</span> <span class='ocrx_word' id='word_1_157' title='bbox 1629 883 1751 912; x_wconf 92' lang='lat' dir='ltr'>horum</span> <span class='ocrx_word' id='word_1_158' title='bbox 1774 891 1896 922; x_wconf 89' lang='lat' dir='ltr'>regum</span> 
     </span>
     <span class='ocr_line' id='line_1_14' title="bbox 110 935 1895 977; baseline -0.002 -8"><span class='ocrx_word' id='word_1_159' title='bbox 110 939 231 969; x_wconf 88' lang='lat' dir='ltr'>ordine</span> <span class='ocrx_word' id='word_1_160' title='bbox 254 939 426 969; x_wconf 89' lang='lat' dir='ltr'>servando</span> <span class='ocrx_word' id='word_1_161' title='bbox 450 935 646 969; x_wconf 83' lang='lat' dir='ltr'>consensus.</span> <span class='ocrx_word' id='word_1_162' title='bbox 690 938 728 967; x_wconf 93' lang='lat' dir='ltr'>In</span> <span class='ocrx_word' id='word_1_163' title='bbox 752 938 828 977; x_wconf 91' lang='lat' dir='ltr'>ipsa</span> <span class='ocrx_word' id='word_1_164' title='bbox 850 939 935 968; x_wconf 90' lang='lat' dir='ltr'>urbe</span> <span class='ocrx_word' id='word_1_165' title='bbox 959 937 1108 977; x_wconf 86' lang='lat' dir='ltr'>Sicyone</span> <span class='ocrx_word' id='word_1_166' title='bbox 1126 937 1309 967; x_wconf 88' lang='lat' dir='ltr'>Clisthenis</span> <span class='ocrx_word' id='word_1_167' title='bbox 1333 937 1521 967; x_wconf 85' lang='lat' dir='ltr'>auctoritas</span> <span class='ocrx_word' id='word_1_168' title='bbox 1538 947 1606 967; x_wconf 89' lang='lat' dir='ltr'>non</span> <span class='ocrx_word' id='word_1_169' title='bbox 1622 943 1755 967; x_wconf 90' lang='lat' dir='ltr'>tanturn</span> <span class='ocrx_word' id='word_1_170' title='bbox 1777 936 1895 972; x_wconf 83' lang='lat' dir='ltr'>valuit,</span> 
     </span>
     <span class='ocr_line' id='line_1_15' title="bbox 108 991 1895 1033; baseline -0.001 -10"><span class='ocrx_word' id='word_1_171' title='bbox 108 998 145 1023; x_wconf 91' lang='lat' dir='ltr'>ut</span> <span class='ocrx_word' id='word_1_172' title='bbox 168 1004 234 1023; x_wconf 91' lang='lat' dir='ltr'>non</span> <span class='ocrx_word' id='word_1_173' title='bbox 257 999 337 1033; x_wconf 92' lang='lat' dir='ltr'>post</span> <span class='ocrx_word' id='word_1_174' title='bbox 362 993 674 1033; x_wconf 84' lang='lat' dir='ltr'>Orthagoridarum</span> <span class='ocrx_word' id='word_1_175' title='bbox 697 992 799 1023; x_wconf 89' lang='lat' dir='ltr'>finem</span> <span class='ocrx_word' id='word_1_176' title='bbox 823 993 963 1032; x_wconf 87' lang='lat' dir='ltr'>antiqua</span> <span class='ocrx_word' id='word_1_177' title='bbox 986 1002 1107 1031; x_wconf 90' lang='lat' dir='ltr'>regum</span> <span class='ocrx_word' id='word_1_178' title='bbox 1130 991 1296 1022; x_wconf 90' lang='lat' dir='ltr'>memoria</span> <span class='ocrx_word' id='word_1_179' title='bbox 1318 991 1549 1023; x_wconf 86' lang='lat' dir='ltr'>revivisceret.</span> <span class='ocrx_word' id='word_1_180' title='bbox 1586 991 1670 1022; x_wconf 92' lang='lat' dir='ltr'>Inde</span> <span class='ocrx_word' id='word_1_181' title='bbox 1693 991 1895 1021; x_wconf 88' lang='lat' dir='ltr'>Herodotus</span> 
     </span>
     <span class='ocr_line' id='line_1_16' title="bbox 110 1044 1894 1087; baseline 0 -11"><span class='ocrx_word' id='word_1_182' title='bbox 110 1051 145 1077; x_wconf 93' lang='lat' dir='ltr'>et</span> <span class='ocrx_word' id='word_1_183' title='bbox 157 1046 326 1076; x_wconf 87' lang='lat' dir='ltr'>Pindarus</span> <span class='ocrx_word' id='word_1_184' title='bbox 342 1047 538 1076; x_wconf 86' lang='lat' dir='ltr'>hauserunt.</span> <span class='ocrx_word' id='word_1_185' title='bbox 571 1046 644 1076; x_wconf 90' lang='lat' dir='ltr'>Nec</span> <span class='ocrx_word' id='word_1_186' title='bbox 659 1045 781 1075; x_wconf 90' lang='lat' dir='ltr'>mirum</span> <span class='ocrx_word' id='word_1_187' title='bbox 806 1051 867 1081; x_wconf 76' lang='lat' dir='ltr'>est,</span> <span class='ocrx_word' id='word_1_188' title='bbox 893 1046 1139 1076; x_wconf 89' lang='lat' dir='ltr'>diadochorum</span> <span class='ocrx_word' id='word_1_189' title='bbox 1164 1046 1267 1076; x_wconf 86' lang='lat' dir='ltr'>etiam</span> <span class='ocrx_word' id='word_1_190' title='bbox 1290 1051 1447 1085; x_wconf 90' lang='lat' dir='ltr'>tempore</span> <span class='ocrx_word' id='word_1_191' title='bbox 1466 1046 1500 1075; x_wconf 91' lang='lat' dir='ltr'>in</span> <span class='ocrx_word' id='word_1_192' title='bbox 1513 1045 1749 1087; x_wconf 79' lang='lat' dir='ltr'>Menaechmo,</span> <span class='ocrx_word' id='word_1_193' title='bbox 1774 1044 1894 1085; x_wconf 88' lang='lat' dir='ltr'>Sicyo—</span> 
     </span>
     <span class='ocr_line' id='line_1_17' title="bbox 109 1099 1896 1140; baseline -0.001 -9"><span class='ocrx_word' id='word_1_194' title='bbox 109 1101 160 1131; x_wconf 93' lang='lat' dir='ltr'>nis</span> <span class='ocrx_word' id='word_1_195' title='bbox 183 1101 316 1140; x_wconf 86' lang='lat' dir='ltr'>patriae</span> <span class='ocrx_word' id='word_1_196' title='bbox 343 1100 488 1134; x_wconf 87' lang='lat' dir='ltr'>alumno,</span> <span class='ocrx_word' id='word_1_197' title='bbox 515 1105 646 1130; x_wconf 87' lang='lat' dir='ltr'>tantam</span> <span class='ocrx_word' id='word_1_198' title='bbox 669 1099 781 1130; x_wconf 89' lang='lat' dir='ltr'>iudicii</span> <span class='ocrx_word' id='word_1_199' title='bbox 804 1100 1039 1140; x_wconf 83' lang='lat' dir='ltr'>integritatem</span> <span class='ocrx_word' id='word_1_200' title='bbox 1070 1100 1185 1135; x_wconf 82' lang='lat' dir='ltr'>fuisse,</span> <span class='ocrx_word' id='word_1_201' title='bbox 1219 1106 1257 1130; x_wconf 90' lang='lat' dir='ltr'>ut</span> <span class='ocrx_word' id='word_1_202' title='bbox 1280 1100 1510 1140; x_wconf 88' lang='lat' dir='ltr'>antiquiorem</span> <span class='ocrx_word' id='word_1_203' title='bbox 1533 1101 1771 1140; x_wconf 86' lang='lat' dir='ltr'>anagrapham</span> <span class='ocrx_word' id='word_1_204' title='bbox 1794 1100 1896 1130; x_wconf 90' lang='lat' dir='ltr'>inter-</span> 
     </span>
     <span class='ocr_line' id='line_1_18' title="bbox 108 1153 1896 1194; baseline -0.001 -10"><span class='ocrx_word' id='word_1_205' title='bbox 108 1155 250 1194; x_wconf 88' lang='lat' dir='ltr'>polatae</span> <span class='ocrx_word' id='word_1_206' title='bbox 262 1154 464 1194; x_wconf 83' lang='lat' dir='ltr'>praeferret.</span> <span class='ocrx_word' id='word_1_207' title='bbox 490 1153 561 1185; x_wconf 89' lang='lat' dir='ltr'>Sed</span> <span class='ocrx_word' id='word_1_208' title='bbox 574 1154 820 1193; x_wconf 83' lang='lat' dir='ltr'>progrediente</span> <span class='ocrx_word' id='word_1_209' title='bbox 834 1160 1000 1193; x_wconf 70' lang='lat' dir='ltr'>tempore,</span> <span class='ocrx_word' id='word_1_210' title='bbox 1018 1153 1050 1183; x_wconf 90' lang='lat' dir='ltr'>in</span> <span class='ocrx_word' id='word_1_211' title='bbox 1069 1153 1281 1183; x_wconf 85' lang='lat' dir='ltr'>eruditorum</span> <span class='ocrx_word' id='word_1_212' title='bbox 1297 1159 1390 1184; x_wconf 86' lang='lat' dir='ltr'>certe</span> <span class='ocrx_word' id='word_1_213' title='bbox 1408 1153 1492 1183; x_wconf 87' lang='lat' dir='ltr'>orbe</span> <span class='ocrx_word' id='word_1_214' title='bbox 1509 1153 1620 1193; x_wconf 89' lang='lat' dir='ltr'>magis</span> <span class='ocrx_word' id='word_1_215' title='bbox 1636 1154 1816 1193; x_wconf 84' lang='lat' dir='ltr'>magisque</span> <span class='ocrx_word' id='word_1_216' title='bbox 1831 1153 1896 1184; x_wconf 85' lang='lat' dir='ltr'>Cli-</span> 
     </span>
     <span class='ocr_line' id='line_1_19' title="bbox 111 1207 1897 1248; baseline -0.001 -9"><span class='ocrx_word' id='word_1_217' title='bbox 111 1210 256 1239; x_wconf 88' lang='lat' dir='ltr'>sthenea</span> <span class='ocrx_word' id='word_1_218' title='bbox 279 1208 482 1248; x_wconf 86' lang='lat' dir='ltr'>anagrapha</span> <span class='ocrx_word' id='word_1_219' title='bbox 508 1208 737 1247; x_wconf 89' lang='lat' dir='ltr'>principatum</span> <span class='ocrx_word' id='word_1_220' title='bbox 761 1208 916 1238; x_wconf 87' lang='lat' dir='ltr'>obtinuit.</span> <span class='ocrx_word' id='word_1_221' title='bbox 960 1208 1034 1238; x_wconf 82' lang='lat' dir='ltr'>Iam</span> <span class='ocrx_word' id='word_1_222' title='bbox 1065 1208 1170 1247; x_wconf 90' lang='lat' dir='ltr'>igitur</span> <span class='ocrx_word' id='word_1_223' title='bbox 1198 1208 1382 1247; x_wconf 81' lang='lat' dir='ltr'>quaeritur,</span> <span class='ocrx_word' id='word_1_224' title='bbox 1416 1209 1592 1247; x_wconf 91' lang='lat' dir='ltr'>quomodo</span> <span class='ocrx_word' id='word_1_225' title='bbox 1620 1207 1748 1238; x_wconf 85' lang='lat' dir='ltr'>factum</span> <span class='ocrx_word' id='word_1_226' title='bbox 1772 1208 1824 1243; x_wconf 73' lang='lat' dir='ltr'>sit,</span> <span class='ocrx_word' id='word_1_227' title='bbox 1860 1214 1897 1238; x_wconf 93' lang='lat' dir='ltr'>ut</span> 
     </span>
     <span class='ocr_line' id='line_1_20' title="bbox 110 1261 1897 1301; baseline -0.001 -8"><span class='ocrx_word' id='word_1_228' title='bbox 110 1262 309 1299; x_wconf 79' lang='lat' dir='ltr'>Pausanias,</span> <span class='ocrx_word' id='word_1_229' title='bbox 335 1272 353 1292; x_wconf 93' lang='lat' dir='ltr'>e</span> <span class='ocrx_word' id='word_1_230' title='bbox 377 1267 428 1292; x_wconf 91' lang='lat' dir='ltr'>tot</span> <span class='ocrx_word' id='word_1_231' title='bbox 452 1262 678 1301; x_wconf 87' lang='lat' dir='ltr'>scriptoribus</span> <span class='ocrx_word' id='word_1_232' title='bbox 702 1262 825 1292; x_wconf 82' lang='lat' dir='ltr'>aetatis</span> <span class='ocrx_word' id='word_1_233' title='bbox 849 1272 931 1292; x_wconf 84' lang='lat' dir='ltr'>suae</span> <span class='ocrx_word' id='word_1_234' title='bbox 955 1263 1058 1297; x_wconf 85' lang='lat' dir='ltr'>solus,</span> <span class='ocrx_word' id='word_1_235' title='bbox 1083 1262 1261 1301; x_wconf 89' lang='lat' dir='ltr'>antiquom</span> <span class='ocrx_word' id='word_1_236' title='bbox 1284 1272 1405 1301; x_wconf 86' lang='lat' dir='ltr'>regum</span> <span class='ocrx_word' id='word_1_237' title='bbox 1427 1262 1582 1292; x_wconf 90' lang='lat' dir='ltr'>ordinem</span> <span class='ocrx_word' id='word_1_238' title='bbox 1605 1268 1769 1292; x_wconf 83' lang='lat' dir='ltr'>servaret.</span> <span class='ocrx_word' id='word_1_239' title='bbox 1809 1261 1897 1292; x_wconf 89' lang='lat' dir='ltr'>Con-</span> 
     </span>
     <span class='ocr_line' id='line_1_21' title="bbox 109 1315 1897 1356; baseline 0 -10"><span class='ocrx_word' id='word_1_240' title='bbox 109 1316 219 1351; x_wconf 90' lang='lat' dir='ltr'>fiteor,</span> <span class='ocrx_word' id='word_1_241' title='bbox 243 1316 316 1347; x_wconf 90' lang='lat' dir='ltr'>fieri</span> <span class='ocrx_word' id='word_1_242' title='bbox 340 1316 502 1356; x_wconf 71' lang='lat' dir='ltr'>potuisse,</span> <span class='ocrx_word' id='word_1_243' title='bbox 537 1321 573 1346; x_wconf 88' lang='lat' dir='ltr'>ut</span> <span class='ocrx_word' id='word_1_244' title='bbox 599 1316 788 1346; x_wconf 76' lang='lat' dir='ltr'>Pausanias</span> <span class='ocrx_word' id='word_1_245' title='bbox 820 1317 877 1346; x_wconf 81' lang='lat' dir='ltr'>illa</span> <span class='ocrx_word' id='word_1_246' title='bbox 900 1326 945 1346; x_wconf 80' lang='lat' dir='ltr'>ex</span> <span class='ocrx_word' id='word_1_247' title='bbox 969 1317 1047 1346; x_wconf 76' lang='lat' dir='ltr'>viva</span> <span class='ocrx_word' id='word_1_248' title='bbox 1070 1316 1165 1355; x_wconf 90' lang='lat' dir='ltr'>volgi</span> <span class='ocrx_word' id='word_1_249' title='bbox 1192 1326 1277 1346; x_wconf 86' lang='lat' dir='ltr'>voce</span> <span class='ocrx_word' id='word_1_250' title='bbox 1301 1321 1335 1346; x_wconf 94' lang='lat' dir='ltr'>et</span> <span class='ocrx_word' id='word_1_251' title='bbox 1359 1315 1451 1346; x_wconf 83' lang='lat' dir='ltr'>fama</span> <span class='ocrx_word' id='word_1_252' title='bbox 1475 1316 1656 1355; x_wconf 89' lang='lat' dir='ltr'>acciperet,</span> <span class='ocrx_word' id='word_1_253' title='bbox 1693 1315 1897 1356; x_wconf 88' lang='lat' dir='ltr'>praesertim</span> 
     </span>
     <span class='ocr_line' id='line_1_22' title="bbox 110 1369 1896 1410; baseline 0 -10"><span class='ocrx_word' id='word_1_254' title='bbox 110 1381 186 1401; x_wconf 91' lang='lat' dir='ltr'>cum</span> <span class='ocrx_word' id='word_1_255' title='bbox 209 1370 355 1400; x_wconf 85' lang='lat' dir='ltr'>Adrasti</span> <span class='ocrx_word' id='word_1_256' title='bbox 375 1370 407 1400; x_wconf 90' lang='lat' dir='ltr'>in</span> <span class='ocrx_word' id='word_1_257' title='bbox 431 1370 490 1399; x_wconf 90' lang='lat' dir='ltr'>illa</span> <span class='ocrx_word' id='word_1_258' title='bbox 513 1370 716 1409; x_wconf 88' lang='lat' dir='ltr'>anagrapha</span> <span class='ocrx_word' id='word_1_259' title='bbox 739 1369 810 1399; x_wconf 89' lang='lat' dir='ltr'>fata</span> <span class='ocrx_word' id='word_1_260' title='bbox 841 1376 875 1400; x_wconf 91' lang='lat' dir='ltr'>et</span> <span class='ocrx_word' id='word_1_261' title='bbox 897 1376 1054 1410; x_wconf 88' lang='lat' dir='ltr'>tempora</span> <span class='ocrx_word' id='word_1_262' title='bbox 1087 1381 1161 1400; x_wconf 89' lang='lat' dir='ltr'>cum</span> <span class='ocrx_word' id='word_1_263' title='bbox 1191 1377 1345 1400; x_wconf 88' lang='lat' dir='ltr'>veterum</span> <span class='ocrx_word' id='word_1_264' title='bbox 1371 1371 1557 1401; x_wconf 89' lang='lat' dir='ltr'>carminum</span> <span class='ocrx_word' id='word_1_265' title='bbox 1582 1370 1758 1410; x_wconf 89' lang='lat' dir='ltr'>epicorum</span> <span class='ocrx_word' id='word_1_266' title='bbox 1780 1380 1896 1400; x_wconf 87' lang='lat' dir='ltr'>narra-</span> 
     </span>
     <span class='ocr_line' id='line_1_23' title="bbox 110 1424 1898 1464; baseline -0.001 -9"><span class='ocrx_word' id='word_1_267' title='bbox 110 1425 261 1455; x_wconf 86' lang='lat' dir='ltr'>tionibus</span> <span class='ocrx_word' id='word_1_268' title='bbox 293 1424 488 1455; x_wconf 87' lang='lat' dir='ltr'>consentire</span> <span class='ocrx_word' id='word_1_269' title='bbox 517 1424 658 1454; x_wconf 87' lang='lat' dir='ltr'>videret.</span> <span class='ocrx_word' id='word_1_270' title='bbox 703 1424 830 1455; x_wconf 81' lang='lat' dir='ltr'>Obstat</span> <span class='ocrx_word' id='word_1_271' title='bbox 859 1430 973 1455; x_wconf 89' lang='lat' dir='ltr'>tamen</span> <span class='ocrx_word' id='word_1_272' title='bbox 1006 1425 1084 1455; x_wconf 89' lang='lat' dir='ltr'>huic</span> <span class='ocrx_word' id='word_1_273' title='bbox 1119 1425 1320 1460; x_wconf 85' lang='lat' dir='ltr'>sententiae,</span> <span class='ocrx_word' id='word_1_274' title='bbox 1355 1425 1448 1464; x_wconf 89' lang='lat' dir='ltr'>quod</span> <span class='ocrx_word' id='word_1_275' title='bbox 1473 1425 1533 1454; x_wconf 70' lang='lat' dir='ltr'>vix</span> <span class='ocrx_word' id='word_1_276' title='bbox 1557 1425 1720 1455; x_wconf 88' lang='lat' dir='ltr'>credibile</span> <span class='ocrx_word' id='word_1_277' title='bbox 1743 1430 1806 1463; x_wconf 81' lang='lat' dir='ltr'>est,</span> <span class='ocrx_word' id='word_1_278' title='bbox 1840 1425 1898 1455; x_wconf 87' lang='lat' dir='ltr'>illa</span> 
     </span>
     <span class='ocr_line' id='line_1_24' title="bbox 113 1477 1899 1519; baseline -0.001 -9"><span class='ocrx_word' id='word_1_279' title='bbox 113 1483 227 1510; x_wconf 87' lang='lat' dir='ltr'>aetate</span> <span class='ocrx_word' id='word_1_280' title='bbox 250 1484 321 1509; x_wconf 89' lang='lat' dir='ltr'>tam</span> <span class='ocrx_word' id='word_1_281' title='bbox 345 1478 460 1508; x_wconf 89' lang='lat' dir='ltr'>vivam</span> <span class='ocrx_word' id='word_1_282' title='bbox 484 1477 670 1509; x_wconf 89' lang='lat' dir='ltr'>etiamtunc</span> <span class='ocrx_word' id='word_1_283' title='bbox 693 1478 1005 1518; x_wconf 90' lang='lat' dir='ltr'>antiquissimarum</span> <span class='ocrx_word' id='word_1_284' title='bbox 1031 1489 1146 1509; x_wconf 91' lang='lat' dir='ltr'>rerum</span> <span class='ocrx_word' id='word_1_285' title='bbox 1178 1480 1379 1510; x_wconf 87' lang='lat' dir='ltr'>memoriam</span> <span class='ocrx_word' id='word_1_286' title='bbox 1401 1480 1494 1519; x_wconf 90' lang='lat' dir='ltr'>apud</span> <span class='ocrx_word' id='word_1_287' title='bbox 1517 1478 1699 1519; x_wconf 88' lang='lat' dir='ltr'>Sicyonios</span> <span class='ocrx_word' id='word_1_288' title='bbox 1722 1478 1837 1514; x_wconf 73' lang='lat' dir='ltr'>fuisse,</span> <span class='ocrx_word' id='word_1_289' title='bbox 1861 1484 1899 1509; x_wconf 89' lang='lat' dir='ltr'>ut</span> 
     </span>
     <span class='ocr_line' id='line_1_25' title="bbox 111 1533 1897 1573; baseline 0 -10"><span class='ocrx_word' id='word_1_290' title='bbox 111 1533 336 1573; x_wconf 90' lang='lat' dir='ltr'>anagraphae</span> <span class='ocrx_word' id='word_1_291' title='bbox 358 1533 448 1562; x_wconf 89' lang='lat' dir='ltr'>illius</span> <span class='ocrx_word' id='word_1_292' title='bbox 471 1538 542 1562; x_wconf 91' lang='lat' dir='ltr'>tam</span> <span class='ocrx_word' id='word_1_293' title='bbox 565 1533 668 1572; x_wconf 91' lang='lat' dir='ltr'>plena</span> <span class='ocrx_word' id='word_1_294' title='bbox 690 1538 830 1572; x_wconf 87' lang='lat' dir='ltr'>tamque</span> <span class='ocrx_word' id='word_1_295' title='bbox 852 1533 1051 1573; x_wconf 90' lang='lat' dir='ltr'>incorrupta</span> <span class='ocrx_word' id='word_1_296' title='bbox 1074 1535 1194 1564; x_wconf 92' lang='lat' dir='ltr'>notitia</span> <span class='ocrx_word' id='word_1_297' title='bbox 1221 1545 1265 1564; x_wconf 78' lang='lat' dir='ltr'>ex</span> <span class='ocrx_word' id='word_1_298' title='bbox 1288 1534 1506 1564; x_wconf 87' lang='lat' dir='ltr'>aedituorum</span> <span class='ocrx_word' id='word_1_299' title='bbox 1530 1538 1563 1563; x_wconf 87' lang='lat' dir='ltr'>et</span> <span class='ocrx_word' id='word_1_300' title='bbox 1587 1538 1814 1573; x_wconf 82' lang='lat' dir='ltr'>exegetarum</span> <span class='ocrx_word' id='word_1_301' title='bbox 1828 1543 1897 1564; x_wconf 89' lang='lat' dir='ltr'>ser-</span> 
     </span>
     <span class='ocr_line' id='line_1_26' title="bbox 112 1587 1898 1628; baseline 0.001 -11"><span class='ocrx_word' id='word_1_302' title='bbox 112 1587 269 1617; x_wconf 90' lang='lat' dir='ltr'>monibus</span> <span class='ocrx_word' id='word_1_303' title='bbox 303 1587 429 1617; x_wconf 87' lang='lat' dir='ltr'>hauriri</span> <span class='ocrx_word' id='word_1_304' title='bbox 454 1587 614 1626; x_wconf 89' lang='lat' dir='ltr'>potuerit.</span> <span class='ocrx_word' id='word_1_305' title='bbox 660 1587 722 1617; x_wconf 88' lang='lat' dir='ltr'>His</span> <span class='ocrx_word' id='word_1_306' title='bbox 747 1587 876 1617; x_wconf 81' lang='lat' dir='ltr'>caussis</span> <span class='ocrx_word' id='word_1_307' title='bbox 908 1587 1016 1618; x_wconf 83' lang='lat' dir='ltr'>fretus</span> <span class='ocrx_word' id='word_1_308' title='bbox 1042 1589 1147 1618; x_wconf 88' lang='lat' dir='ltr'>multo</span> <span class='ocrx_word' id='word_1_309' title='bbox 1173 1588 1386 1628; x_wconf 82' lang='lat' dir='ltr'>probabilius</span> <span class='ocrx_word' id='word_1_310' title='bbox 1410 1588 1531 1623; x_wconf 84' lang='lat' dir='ltr'>iudico,</span> <span class='ocrx_word' id='word_1_311' title='bbox 1553 1587 1769 1622; x_wconf 88' lang='lat' dir='ltr'>Pausaniam,</span> <span class='ocrx_word' id='word_1_312' title='bbox 1805 1593 1898 1618; x_wconf 85' lang='lat' dir='ltr'>ante·</span> 
     </span>
     <span class='ocr_line' id='line_1_27' title="bbox 114 1640 1900 1682; baseline 0.001 -12"><span class='ocrx_word' id='word_1_313' title='bbox 114 1652 216 1681; x_wconf 87' lang='lat' dir='ltr'>quam</span> <span class='ocrx_word' id='word_1_314' title='bbox 240 1641 351 1680; x_wconf 90' lang='lat' dir='ltr'>ipsam</span> <span class='ocrx_word' id='word_1_315' title='bbox 377 1640 562 1681; x_wconf 83' lang='lat' dir='ltr'>Sicyonem</span> <span class='ocrx_word' id='word_1_316' title='bbox 588 1641 708 1676; x_wconf 83' lang='lat' dir='ltr'>adiret,</span> <span class='ocrx_word' id='word_1_317' title='bbox 733 1641 765 1671; x_wconf 88' lang='lat' dir='ltr'>in</span> <span class='ocrx_word' id='word_1_318' title='bbox 782 1641 997 1672; x_wconf 83' lang='lat' dir='ltr'>Menaechmi</span> <span class='ocrx_word' id='word_1_319' title='bbox 1021 1652 1106 1682; x_wconf 79' lang='lat' dir='ltr'>opus</span> <span class='ocrx_word' id='word_1_320' title='bbox 1126 1641 1458 1682; x_wconf 82' lang='lat' dir='ltr'>praestantissimum</span> <span class='ocrx_word' id='word_1_321' title='bbox 1482 1642 1641 1672; x_wconf 85' lang='lat' dir='ltr'>incidisse</span> <span class='ocrx_word' id='word_1_322' title='bbox 1664 1642 1762 1681; x_wconf 86' lang='lat' dir='ltr'>eique</span> <span class='ocrx_word' id='word_1_323' title='bbox 1778 1646 1900 1680; x_wconf 91' lang='lat' dir='ltr'>utpote</span> 
     </span>
     <span class='ocr_line' id='line_1_28' title="bbox 113 1694 1898 1736; baseline 0 -10"><span class='ocrx_word' id='word_1_324' title='bbox 113 1696 243 1735; x_wconf 91' lang='lat' dir='ltr'>optimo</span> <span class='ocrx_word' id='word_1_325' title='bbox 268 1695 345 1725; x_wconf 84' lang='lat' dir='ltr'>(luci</span> <span class='ocrx_word' id='word_1_326' title='bbox 371 1694 535 1725; x_wconf 88' lang='lat' dir='ltr'>confisum</span> <span class='ocrx_word' id='word_1_327' title='bbox 560 1705 670 1735; x_wconf 88' lang='lat' dir='ltr'>eoque</span> <span class='ocrx_word' id='word_1_328' title='bbox 693 1696 868 1731; x_wconf 87' lang='lat' dir='ltr'>munitum,</span> <span class='ocrx_word' id='word_1_329' title='bbox 892 1696 973 1727; x_wconf 89' lang='lat' dir='ltr'>licet</span> <span class='ocrx_word' id='word_1_330' title='bbox 997 1697 1030 1726; x_wconf 89' lang='lat' dir='ltr'>id</span> <span class='ocrx_word' id='word_1_331' title='bbox 1052 1707 1220 1736; x_wconf 80' lang='lat' dir='ltr'>nusquam</span> <span class='ocrx_word' id='word_1_332' title='bbox 1244 1696 1434 1728; x_wconf 79' lang='lat' dir='ltr'>nominarit.</span> <span class='ocrx_word' id='word_1_333' title='bbox 1460 1697 1503 1725; x_wconf 86' lang='lat' dir='ltr'>ad</span> <span class='ocrx_word' id='word_1_334' title='bbox 1528 1697 1688 1726; x_wconf 85' lang='lat' dir='ltr'>obeunda</span> <span class='ocrx_word' id='word_1_335' title='bbox 1711 1696 1806 1726; x_wconf 89' lang='lat' dir='ltr'>urbis</span> <span class='ocrx_word' id='word_1_336' title='bbox 1829 1706 1898 1726; x_wconf 90' lang='lat' dir='ltr'>mo-</span> 
     </span>
     <span class='ocr_line' id='line_1_29' title="bbox 112 1749 555 1780; baseline -0.002 -1"><span class='ocrx_word' id='word_1_337' title='bbox 112 1754 276 1780; x_wconf 83' lang='lat' dir='ltr'>numenta</span> <span class='ocrx_word' id='word_1_338' title='bbox 299 1760 336 1779; x_wconf 90' lang='lat' dir='ltr'>se</span> <span class='ocrx_word' id='word_1_339' title='bbox 359 1749 555 1779; x_wconf 83' lang='lat' dir='ltr'>contulisse.</span> 
     </span>
    </p>
   </div>
   <div class='ocr_carea' id='block_1_3' title="bbox 176 1919 1838 2068">
    <p class='ocr_par' dir='ltr' id='par_1_3' title="bbox 176 1919 1838 2068">
     <span class='ocr_line' id='line_1_30' title="bbox 176 1919 1838 1959; baseline -0.001 -8"><span class='ocrx_word' id='word_1_340' title='bbox 176 1921 203 1951; x_wconf 84' lang='lat'>3.</span> <span class='ocrx_word' id='word_1_341' title='bbox 246 1920 479 1959; x_wconf 87' lang='lat' dir='ltr'>Praeparatur</span> <span class='ocrx_word' id='word_1_342' title='bbox 502 1919 560 1949; x_wconf 86' lang='lat' dir='ltr'>illa</span> <span class='ocrx_word' id='word_1_343' title='bbox 583 1920 751 1959; x_wconf 86' lang='lat' dir='ltr'>quaestio,</span> <span class='ocrx_word' id='word_1_344' title='bbox 774 1929 853 1949; x_wconf 91' lang='lat' dir='ltr'>num</span> <span class='ocrx_word' id='word_1_345' title='bbox 876 1919 1091 1959; x_wconf 78' lang='lat' dir='ltr'>Argivorum</span> <span class='ocrx_word' id='word_1_346' title='bbox 1114 1930 1251 1959; x_wconf 88' lang='lat' dir='ltr'>quoque</span> <span class='ocrx_word' id='word_1_347' title='bbox 1275 1930 1395 1959; x_wconf 89' lang='lat' dir='ltr'>regum</span> <span class='ocrx_word' id='word_1_348' title='bbox 1419 1920 1623 1959; x_wconf 88' lang='lat' dir='ltr'>anagrapha</span> <span class='ocrx_word' id='word_1_349' title='bbox 1645 1919 1838 1950; x_wconf 85' lang='lat' dir='ltr'>Pausaniae</span> 
     </span>
     <span class='ocr_line' id='line_1_31' title="bbox 255 1973 1759 2014; baseline 0.001 -11"><span class='ocrx_word' id='word_1_350' title='bbox 255 1984 330 2003; x_wconf 92' lang='lat' dir='ltr'>cum</span> <span class='ocrx_word' id='word_1_351' title='bbox 353 1973 580 2004; x_wconf 89' lang='lat' dir='ltr'>Menaechmo</span> <span class='ocrx_word' id='word_1_352' title='bbox 605 1974 792 2004; x_wconf 85' lang='lat' dir='ltr'>communis</span> <span class='ocrx_word' id='word_1_353' title='bbox 815 1973 925 2004; x_wconf 86' lang='lat' dir='ltr'>fuerit.</span> <span class='ocrx_word' id='word_1_354' title='bbox 971 1974 1221 2013; x_wconf 78' lang='lat' dir='ltr'>Antiquissima</span> <span class='ocrx_word' id='word_1_355' title='bbox 1246 1975 1416 2013; x_wconf 85' lang='lat' dir='ltr'>quaedam</span> <span class='ocrx_word' id='word_1_356' title='bbox 1441 1974 1512 2004; x_wconf 89' lang='lat' dir='ltr'>eius</span> <span class='ocrx_word' id='word_1_357' title='bbox 1536 1975 1759 2014; x_wconf 89' lang='lat' dir='ltr'>anagraphae</span> 
     </span>
     <span class='ocr_line' id='line_1_32' title="bbox 605 2028 1411 2068; baseline 0.002 -11"><span class='ocrx_word' id='word_1_358' title='bbox 605 2028 713 2058; x_wconf 88' lang='lat' dir='ltr'>forma</span> <span class='ocrx_word' id='word_1_359' title='bbox 737 2039 781 2058; x_wconf 84' lang='lat' dir='ltr'>ex</span> <span class='ocrx_word' id='word_1_360' title='bbox 804 2028 922 2058; x_wconf 86' lang='lat' dir='ltr'>fabula</span> <span class='ocrx_word' id='word_1_361' title='bbox 946 2029 988 2058; x_wconf 88' lang='lat' dir='ltr'>de</span> <span class='ocrx_word' id='word_1_362' title='bbox 1011 2028 1232 2059; x_wconf 87' lang='lat' dir='ltr'>Proetidibus</span> <span class='ocrx_word' id='word_1_363' title='bbox 1256 2035 1411 2068; x_wconf 71' lang='lat' dir='ltr'>apparet,</span> 
     </span>
    </p>
   </div>
   <div class='ocr_carea' id='block_1_4' title="bbox 118 2128 1903 2549">
    <p class='ocr_par' dir='ltr' id='par_1_4' title="bbox 118 2128 1903 2549">
     <span class='ocr_line' id='line_1_33' title="bbox 265 2128 1901 2169; baseline -0.001 -9"><span class='ocrx_word' id='word_1_364' title='bbox 265 2129 335 2160; x_wconf 89' lang='lat' dir='ltr'>Sed</span> <span class='ocrx_word' id='word_1_365' title='bbox 360 2135 458 2160; x_wconf 90' lang='lat' dir='ltr'>erunt</span> <span class='ocrx_word' id='word_1_366' title='bbox 482 2129 631 2160; x_wconf 88' lang='lat' dir='ltr'>fortasse</span> <span class='ocrx_word' id='word_1_367' title='bbox 661 2130 719 2169; x_wconf 87' lang='lat' dir='ltr'>qui</span> <span class='ocrx_word' id='word_1_368' title='bbox 741 2130 807 2160; x_wconf 89' lang='lat' dir='ltr'>hoc</span> <span class='ocrx_word' id='word_1_369' title='bbox 831 2140 897 2159; x_wconf 87' lang='lat' dir='ltr'>uno</span> <span class='ocrx_word' id='word_1_370' title='bbox 931 2134 1137 2169; x_wconf 86' lang='lat' dir='ltr'>argumento</span> <span class='ocrx_word' id='word_1_371' title='bbox 1172 2139 1243 2159; x_wconf 90' lang='lat' dir='ltr'>rem</span> <span class='ocrx_word' id='word_1_372' title='bbox 1277 2130 1427 2159; x_wconf 89' lang='lat' dir='ltr'>nondum</span> <span class='ocrx_word' id='word_1_373' title='bbox 1460 2129 1562 2168; x_wconf 91' lang='lat' dir='ltr'>plane</span> <span class='ocrx_word' id='word_1_374' title='bbox 1596 2128 1789 2159; x_wconf 87' lang='lat' dir='ltr'>confectam</span> <span class='ocrx_word' id='word_1_375' title='bbox 1812 2128 1901 2159; x_wconf 90' lang='lat' dir='ltr'>arbi-</span> 
     </span>
     <span class='ocr_line' id='line_1_34' title="bbox 118 2183 1902 2223; baseline 0 -10"><span class='ocrx_word' id='word_1_376' title='bbox 118 2189 258 2214; x_wconf 88' lang='lat' dir='ltr'>trentur.</span> <span class='ocrx_word' id='word_1_377' title='bbox 302 2184 423 2223; x_wconf 88' lang='lat' dir='ltr'>Itaque</span> <span class='ocrx_word' id='word_1_378' title='bbox 448 2185 493 2214; x_wconf 90' lang='lat' dir='ltr'>ad</span> <span class='ocrx_word' id='word_1_379' title='bbox 515 2184 608 2214; x_wconf 88' lang='lat' dir='ltr'>aliud</span> <span class='ocrx_word' id='word_1_380' title='bbox 630 2194 718 2214; x_wconf 89' lang='lat' dir='ltr'>nunc</span> <span class='ocrx_word' id='word_1_381' title='bbox 747 2194 811 2214; x_wconf 91' lang='lat' dir='ltr'>nos</span> <span class='ocrx_word' id='word_1_382' title='bbox 839 2184 954 2223; x_wconf 89' lang='lat' dir='ltr'>paullo</span> <span class='ocrx_word' id='word_1_383' title='bbox 979 2183 1081 2214; x_wconf 89' lang='lat' dir='ltr'>etiarn</span> <span class='ocrx_word' id='word_1_384' title='bbox 1106 2183 1228 2214; x_wconf 85' lang='lat' dir='ltr'>fortius</span> <span class='ocrx_word' id='word_1_385' title='bbox 1253 2189 1286 2213; x_wconf 93' lang='lat' dir='ltr'>et</span> <span class='ocrx_word' id='word_1_386' title='bbox 1308 2183 1537 2222; x_wconf 86' lang='lat' dir='ltr'>ponderosius</span> <span class='ocrx_word' id='word_1_387' title='bbox 1560 2188 1799 2223; x_wconf 89' lang='lat' dir='ltr'>argumentum</span> <span class='ocrx_word' id='word_1_388' title='bbox 1823 2192 1902 2213; x_wconf 88' lang='lat' dir='ltr'>con-</span> 
     </span>
     <span class='ocr_line' id='line_1_35' title="bbox 118 2237 1902 2278; baseline -0.001 -10"><span class='ocrx_word' id='word_1_389' title='bbox 118 2243 304 2275; x_wconf 77' lang='lat' dir='ltr'>vertamus⁷</span> <span class='ocrx_word' id='word_1_390' title='bbox 329 2239 421 2277; x_wconf 91' lang='lat' dir='ltr'>quod</span> <span class='ocrx_word' id='word_1_391' title='bbox 442 2238 554 2277; x_wconf 89' lang='lat' dir='ltr'>ipsum</span> <span class='ocrx_word' id='word_1_392' title='bbox 578 2248 716 2277; x_wconf 90' lang='lat' dir='ltr'>quoque</span> <span class='ocrx_word' id='word_1_393' title='bbox 739 2248 781 2268; x_wconf 91' lang='lat' dir='ltr'>eo</span> <span class='ocrx_word' id='word_1_394' title='bbox 806 2238 1107 2268; x_wconf 89' lang='lat' dir='ltr'>demonstrationis</span> <span class='ocrx_word' id='word_1_395' title='bbox 1129 2248 1259 2278; x_wconf 89' lang='lat' dir='ltr'>genere</span> <span class='ocrx_word' id='word_1_396' title='bbox 1281 2238 1407 2271; x_wconf 86' lang='lat' dir='ltr'>nititur,</span> <span class='ocrx_word' id='word_1_397' title='bbox 1437 2238 1531 2277; x_wconf 89' lang='lat' dir='ltr'>quod</span> <span class='ocrx_word' id='word_1_398' title='bbox 1554 2237 1587 2267; x_wconf 91' lang='lat' dir='ltr'>in</span> <span class='ocrx_word' id='word_1_399' title='bbox 1609 2247 1647 2268; x_wconf 88' lang='lat' dir='ltr'>re</span> <span class='ocrx_word' id='word_1_400' title='bbox 1670 2238 1820 2277; x_wconf 91' lang='lat' dir='ltr'>quadam</span> <span class='ocrx_word' id='word_1_401' title='bbox 1843 2238 1902 2267; x_wconf 89' lang='lat' dir='ltr'>ab·</span> 
     </span>
     <span class='ocr_line' id='line_1_36' title="bbox 120 2291 1903 2331; baseline -0.001 -9"><span class='ocrx_word' id='word_1_402' title='bbox 120 2292 192 2322; x_wconf 89' lang='lat' dir='ltr'>dita</span> <span class='ocrx_word' id='word_1_403' title='bbox 215 2297 250 2323; x_wconf 92' lang='lat' dir='ltr'>et</span> <span class='ocrx_word' id='word_1_404' title='bbox 272 2293 316 2322; x_wconf 90' lang='lat' dir='ltr'>ad</span> <span class='ocrx_word' id='word_1_405' title='bbox 339 2292 579 2323; x_wconf 90' lang='lat' dir='ltr'>inveniendum</span> <span class='ocrx_word' id='word_1_406' title='bbox 604 2291 732 2321; x_wconf 88' lang='lat' dir='ltr'>difficili</span> <span class='ocrx_word' id='word_1_407' title='bbox 754 2291 999 2322; x_wconf 90' lang='lat' dir='ltr'>Menaechmus</span> <span class='ocrx_word' id='word_1_408' title='bbox 1023 2298 1057 2322; x_wconf 90' lang='lat' dir='ltr'>et</span> <span class='ocrx_word' id='word_1_409' title='bbox 1079 2292 1270 2322; x_wconf 85' lang='lat' dir='ltr'>Pausanias</span> <span class='ocrx_word' id='word_1_410' title='bbox 1294 2292 1520 2323; x_wconf 91' lang='lat' dir='ltr'>consentiunt.</span> <span class='ocrx_word' id='word_1_411' title='bbox 1558 2291 1629 2323; x_wconf 91' lang='lat' dir='ltr'>Sed</span> <span class='ocrx_word' id='word_1_412' title='bbox 1651 2292 1718 2322; x_wconf 92' lang='lat' dir='ltr'>hoc</span> <span class='ocrx_word' id='word_1_413' title='bbox 1742 2291 1903 2331; x_wconf 90' lang='lat' dir='ltr'>quoniam</span> 
     </span>
     <span class='ocr_line' id='line_1_37' title="bbox 122 2345 1903 2386; baseline 0 -10"><span class='ocrx_word' id='word_1_414' title='bbox 122 2352 175 2377; x_wconf 88' lang='lat' dir='ltr'>est</span> <span class='ocrx_word' id='word_1_415' title='bbox 199 2347 316 2386; x_wconf 89' lang='lat' dir='ltr'>paullo</span> <span class='ocrx_word' id='word_1_416' title='bbox 342 2347 556 2386; x_wconf 75' lang='lat' dir='ltr'>exquisitius,</span> <span class='ocrx_word' id='word_1_417' title='bbox 584 2347 751 2385; x_wconf 89' lang='lat' dir='ltr'>ampliore</span> <span class='ocrx_word' id='word_1_418' title='bbox 774 2356 861 2376; x_wconf 91' lang='lat' dir='ltr'>nunc</span> <span class='ocrx_word' id='word_1_419' title='bbox 883 2346 1083 2386; x_wconf 87' lang='lat' dir='ltr'>quaestione</span> <span class='ocrx_word' id='word_1_420' title='bbox 1107 2346 1393 2377; x_wconf 89' lang='lat' dir='ltr'>considerandum</span> <span class='ocrx_word' id='word_1_421' title='bbox 1419 2347 1490 2377; x_wconf 88' lang='lat' dir='ltr'>erit.</span> <span class='ocrx_word' id='word_1_422' title='bbox 1535 2345 1732 2377; x_wconf 87' lang='lat' dir='ltr'>Communis</span> <span class='ocrx_word' id='word_1_423' title='bbox 1756 2351 1809 2376; x_wconf 91' lang='lat' dir='ltr'>est</span> <span class='ocrx_word' id='word_1_424' title='bbox 1831 2345 1903 2376; x_wconf 87' lang='lat' dir='ltr'>fere</span> 
     </span>
     <span class='ocr_line' id='line_1_38' title="bbox 124 2399 1903 2441; baseline -0.001 -11"><span class='ocrx_word' id='word_1_425' title='bbox 124 2401 230 2431; x_wconf 91' lang='lat' dir='ltr'>totius</span> <span class='ocrx_word' id='word_1_426' title='bbox 247 2401 459 2440; x_wconf 90' lang='lat' dir='ltr'>antiquitatis</span> <span class='ocrx_word' id='word_1_427' title='bbox 482 2400 583 2435; x_wconf 84' lang='lat' dir='ltr'>fama,</span> <span class='ocrx_word' id='word_1_428' title='bbox 607 2400 726 2430; x_wconf 91' lang='lat' dir='ltr'>Proeti</span> <span class='ocrx_word' id='word_1_429' title='bbox 749 2399 836 2430; x_wconf 88' lang='lat' dir='ltr'>filias</span> <span class='ocrx_word' id='word_1_430' title='bbox 855 2400 971 2430; x_wconf 82' lang='lat' dir='ltr'>furore</span> <span class='ocrx_word' id='word_1_431' title='bbox 994 2401 1145 2431; x_wconf 88' lang='lat' dir='ltr'>concitas</span> <span class='ocrx_word' id='word_1_432' title='bbox 1161 2411 1224 2440; x_wconf 91' lang='lat' dir='ltr'>per</span> <span class='ocrx_word' id='word_1_433' title='bbox 1247 2410 1353 2441; x_wconf 88' lang='lat' dir='ltr'>agros</span> <span class='ocrx_word' id='word_1_434' title='bbox 1377 2406 1411 2431; x_wconf 93' lang='lat' dir='ltr'>et</span> <span class='ocrx_word' id='word_1_435' title='bbox 1431 2401 1538 2430; x_wconf 87' lang='lat' dir='ltr'>saltus</span> <span class='ocrx_word' id='word_1_436' title='bbox 1554 2399 1748 2439; x_wconf 89' lang='lat' dir='ltr'>mugientes</span> <span class='ocrx_word' id='word_1_437' title='bbox 1767 2399 1903 2439; x_wconf 91' lang='lat' dir='ltr'>palatas</span> 
     </span>
     <span class='ocr_line' id='line_1_39' title="bbox 121 2453 1902 2494; baseline -0.001 -9"><span class='ocrx_word' id='word_1_438' title='bbox 121 2464 207 2486; x_wconf 86' lang='lat' dir='ltr'>esse.</span> <span class='ocrx_word' id='word_1_439' title='bbox 235 2455 401 2485; x_wconf 90' lang='lat' dir='ltr'>Proetum</span> <span class='ocrx_word' id='word_1_440' title='bbox 416 2455 520 2494; x_wconf 89' lang='lat' dir='ltr'>igitur</span> <span class='ocrx_word' id='word_1_441' title='bbox 536 2465 610 2485; x_wconf 90' lang='lat' dir='ltr'>cum</span> <span class='ocrx_word' id='word_1_442' title='bbox 627 2454 755 2484; x_wconf 88' lang='lat' dir='ltr'>frustra</span> <span class='ocrx_word' id='word_1_443' title='bbox 778 2454 892 2484; x_wconf 88' lang='lat' dir='ltr'>omnia</span> <span class='ocrx_word' id='word_1_444' title='bbox 907 2460 1122 2494; x_wconf 85' lang='lat' dir='ltr'>temptasset,</span> <span class='ocrx_word' id='word_1_445' title='bbox 1145 2455 1281 2494; x_wconf 91' lang='lat' dir='ltr'>inopem</span> <span class='ocrx_word' id='word_1_446' title='bbox 1299 2455 1430 2486; x_wconf 91' lang='lat' dir='ltr'>consilii</span> <span class='ocrx_word' id='word_1_447' title='bbox 1447 2454 1705 2494; x_wconf 88' lang='lat' dir='ltr'>Melampodem</span> <span class='ocrx_word' id='word_1_448' title='bbox 1722 2453 1902 2489; x_wconf 88' lang='lat' dir='ltr'>accivisse;</span> 
     </span>
     <span class='ocr_line' id='line_1_40' title="bbox 122 2507 1903 2549; baseline 0 -11"><span class='ocrx_word' id='word_1_449' title='bbox 122 2518 198 2538; x_wconf 90' lang='lat' dir='ltr'>eum</span> <span class='ocrx_word' id='word_1_450' title='bbox 221 2508 354 2548; x_wconf 90' lang='lat' dir='ltr'>puellas</span> <span class='ocrx_word' id='word_1_451' title='bbox 377 2507 577 2538; x_wconf 87' lang='lat' dir='ltr'>furibundas</span> <span class='ocrx_word' id='word_1_452' title='bbox 601 2508 811 2547; x_wconf 87' lang='lat' dir='ltr'>lymphatico</span> <span class='ocrx_word' id='word_1_453' title='bbox 835 2509 984 2548; x_wconf 89' lang='lat' dir='ltr'>quodam</span> <span class='ocrx_word' id='word_1_454' title='bbox 1008 2509 1201 2539; x_wconf 84' lang='lat' dir='ltr'>saltationis</span> <span class='ocrx_word' id='word_1_455' title='bbox 1224 2519 1354 2549; x_wconf 88' lang='lat' dir='ltr'>genere</span> <span class='ocrx_word' id='word_1_456' title='bbox 1377 2519 1476 2539; x_wconf 90' lang='lat' dir='ltr'>usum</span> <span class='ocrx_word' id='word_1_457' title='bbox 1492 2507 1677 2548; x_wconf 90' lang='lat' dir='ltr'>Sicyonem</span> <span class='ocrx_word' id='word_1_458' title='bbox 1693 2518 1802 2548; x_wconf 88' lang='lat' dir='ltr'>usque</span> <span class='ocrx_word' id='word_1_459' title='bbox 1824 2518 1903 2547; x_wconf 91' lang='lat' dir='ltr'>pro-</span> 
     </span>
    </p>
   </div>
  </div>
 </body>
</html>
