2023 2891
950 206 987 236 19

82 306 212 337 finitum
246 306 438 338 Dorienses
474 311 567 337 certe
599 316 662 346 pro
698 305 827 336 viribus
864 309 1033 340 curarunt,
1070 310 1107 334 ut
1136 304 1290 335 Adrasto
1325 305 1484 344 antiquus
1516 306 1626 335 honor
1658 306 1852 337 restituere-

82 366 144 391 tur.
182 360 351 391 Pindarus
373 361 465 391 haud
489 361 590 391 dubie
612 360 790 399 utriusque
813 359 980 397 factionis,
1003 368 1081 389 nam
1100 359 1290 390 Clisthenes
1313 369 1450 399 quoque
1466 370 1548 390 suae
1565 370 1708 391 caussae
1725 361 1852 391 multos

81 418 248 453 patronos
271 414 468 454 reliquerat,
491 414 603 444 studia
625 414 733 452 probe
756 418 910 444 noverat.
955 412 1069 452 Quare
1093 423 1167 443 cum
1195 414 1273 444 anni
1301 414 1361 445 472
1390 424 1418 444 a.
1443 413 1520 445 Chr.
1544 425 1574 446 n.
1600 420 1732 445 aestate
1758 415 1849 452 (nam

82 467 116 498 id
139 478 216 499 esse
239 473 373 508 tempus
401 467 557 498 carminis
590 467 709 498 Nemei
732 467 796 501 IX,
834 467 1083 497 demonstravit
1106 467 1307 498 Leutschius
1334 468 1367 498 in
1388 468 1561 508 Philologi
1590 469 1655 500 vol.
1682 469 1720 499 14
1741 479 1773 508 p.
1798 469 1853 504 57;

81 522 169 553 conf.
192 532 256 553 nos
286 522 318 552 in
350 522 508 552 Prooem.
532 522 706 552 Bonnensi
735 522 838 552 schol.
871 521 938 551 hib.
969 521 1103 561 1883s84
1130 531 1162 560 p.
1188 523 1238 560 14)
1268 522 1438 553 Pindarus
1467 533 1487 553 a
1519 523 1678 553 Chromio
1710 529 1854 563 rogatus

81 585 217 607 carmen
241 576 421 616 epinicium
442 575 476 605 in
498 576 678 606 victoriam
707 581 841 615 partam
869 575 901 605 in
924 575 1057 614 Pythiis
1080 574 1249 615 Sicyoniis
1275 581 1454 616 pangeret,
1485 576 1599 607 facere
1623 577 1852 608 omninonon

82 630 204 670 potuit,
229 631 307 670 quin
332 630 365 660 in
388 630 541 660 Adrasto
565 631 721 660 ludorum
738 640 855 660 eorum
873 629 1049 660 conditore
1065 630 1272 661 celebrando
1289 631 1559 661 controversiam
1575 631 1666 661 illam
1683 637 1852 672 tangeret.

80 685 138 716 Ab
163 690 239 715 utra
262 690 362 724 parte
387 685 543 714 standum
568 684 631 714 sibi
655 688 755 716 esset,
789 693 832 713 ne
853 689 1017 723 punctum
1040 685 1177 724 quidem
1201 685 1366 725 temporis
1395 685 1574 725 dubitavit3
1611 692 1683 716 toto
1712 693 1853 725 pectore

80 739 231 770 Doribus
253 738 403 769 favebat.
448 737 577 768 Verum
600 748 666 768 non
691 739 811 768 eadem
835 738 977 773 ratione,
1004 748 1072 778 qua
1093 738 1312 769 Doriensium
1338 738 1577 779 Sicyoniorum
1608 740 1680 784 iure
1708 741 1852 771 consulti

80 793 221 824 Adrasti
244 802 388 832 regnum
417 792 607 832 legitimum
636 797 668 822 et
696 792 777 822 iuris
804 792 977 831 praesidia
1005 792 1182 823 defensum
1210 794 1328 829 ierant,
1361 798 1467 833 poeta
1499 794 1563 824 sibi
1594 795 1850 834 procedendum

79 846 293 885 opinabatur.
338 845 435 885 Quae
458 846 583 876 totiens
607 845 697 876 dicta
722 852 754 876 et
779 846 972 885 disceptata
994 846 1138 887 fuerant,
1161 848 1204 877 ad
1226 848 1376 878 taedium
1397 848 1522 879 iterare
1551 849 1670 884 noluit,
1695 849 1794 880 ταύτὰ
1817 851 1852 881 δὲ

78 900 186 940 inquit
207 900 302 931 Nem.
328 900 402 937 VII,
428 901 485 931 104
509 900 575 938 τρὶς
597 899 721 938 τετράκι
744 899 768 930 τ’
795 900 947 938 ἀμπολεῖν
969 900 981 940 ΙΙ
1004 900 1121 939 ἀπορία
1143 901 1271 939 τελέθει,
1292 901 1450 933 τέκνοισιν
1473 901 1528 933 ἅτε
1555 901 1745 940 μαψυλάκας
1769 903 1851 940 Διὸς

80 955 240 993 Κόρινθος.
288 954 410 993 Itaque
435 954 603 984 Pindarus
631 955 820 984 Adrastum
855 964 899 984 ex
931 954 988 984 illo
1024 955 1279 985 contentionum
1312 960 1345 985 et
1377 955 1483 985 mutui
1515 955 1662 995 partium
1694 957 1851 987 clamoris

79 1009 223 1048 strepitu
247 1009 280 1038 in
303 1009 459 1039 altiorem
483 1009 580 1048 quasi
603 1009 786 1038 stationem
809 1013 843 1038 et
866 1008 1039 1048 speculam
1067 1009 1201 1038 sustulit
1231 1015 1265 1039 et
1292 1009 1396 1039 talem
1425 1010 1496 1040 eius
1524 1010 1640 1040 herois
1666 1010 1850 1050 imaginem

80 1062 305 1097 adumbravit,
331 1072 419 1102 quae
443 1068 583 1093 aeterna
606 1063 753 1101 quadam
774 1062 1024 1102 pulchritudine
1048 1063 1251 1093 circumfusa
1275 1069 1375 1094 esset.

225 1117 381 1147 Heroum
404 1117 435 1146 in
458 1117 553 1156 poesi
576 1118 661 1147 haec
683 1122 806 1146 natura
829 1122 862 1147 et
884 1116 936 1146 vis
964 1122 1025 1152 est,
1053 1123 1089 1146 ut
1111 1127 1178 1147 non
1207 1122 1276 1147 tam
1304 1117 1514 1157 singulorum
1542 1118 1715 1149 hominum
1742 1119 1775 1149 in
1803 1119 1852 1150 eis

77 1171 150 1202 fata
174 1176 208 1201 et
232 1181 347 1201 mores
368 1171 620 1211 conspiciantur
644 1176 677 1201 et
700 1171 919 1206 illustrentur,
954 1181 1056 1210 quam
1081 1177 1117 1201 ut
1144 1171 1280 1201 omnino
1307 1172 1444 1202 humani
1472 1173 1611 1212 generis
1641 1178 1675 1203 et
1707 1179 1850 1204 naturae

76 1226 245 1255 humanae
269 1230 365 1255 certa
384 1226 552 1265 quaedam
576 1225 697 1262 studia,
730 1225 763 1255 vi
792 1225 955 1264 singulari
984 1226 1206 1265 erumpentia,
1241 1236 1366 1265 corpus
1395 1233 1428 1256 et
1456 1226 1601 1257 formam
1631 1227 1781 1262 induant,
1814 1233 1851 1258 ut

77 1289 164 1319 quae
188 1289 351 1309 maxume
373 1280 521 1309 humana
545 1279 620 1314 sint,
643 1279 676 1309 in
697 1279 762 1309 illis
784 1279 905 1309 mirum
928 1285 1091 1318 quantum
1107 1286 1209 1311 aucta
1224 1285 1258 1310 et
1273 1281 1317 1310 ad
1333 1291 1499 1311 summum
1516 1282 1688 1320 quendam
1703 1283 1850 1322 gradum

77 1335 215 1364 exculta
238 1334 439 1373 adpareant.
486 1333 655 1364 Cohaeret
678 1339 792 1364 autem
814 1343 890 1363 cum
913 1334 977 1364 hac
1000 1334 1137 1373 quidem
1160 1335 1302 1365 heroum
1326 1335 1450 1374 specie,
1474 1345 1541 1374 qua
1565 1337 1713 1366 humana
1731 1337 1847 1367 huma-

74 1388 173 1423 nitus.
211 1389 273 1418 sed
311 1389 435 1418 robore
469 1388 619 1427 quodam
651 1389 819 1418 humanos
851 1387 936 1418 fines
968 1389 1158 1419 excedente
1196 1395 1376 1429 peragunt,
1415 1395 1453 1420 ut
1491 1390 1694 1429 plerumque
1730 1400 1848 1420 eorum

75 1441 204 1472 eximia
227 1441 339 1472 virtus
362 1452 434 1472 cum
459 1441 554 1482 culpa
577 1441 693 1482 aliqua
717 1442 894 1472 coniuncta
917 1442 968 1473 sit.
1012 1442 1099 1472 Nam
1122 1443 1186 1473 hoc
1214 1442 1285 1473 fere
1316 1444 1348 1473 in
1375 1444 1471 1482 poesi
1501 1444 1642 1474 heroum
1672 1445 1850 1484 proprium

76 1502 137 1532 est,
161 1502 197 1527 ut
219 1497 364 1527 virtutes
391 1506 507 1527 eorum
530 1497 670 1526 modum
700 1496 928 1536 egrediantur.
973 1496 1105 1536 Culpae
1132 1497 1226 1528 notio
1256 1499 1300 1528 ab
1326 1498 1469 1528 heroum
1495 1498 1657 1535 moribus,
1689 1499 1849 1539 quoniam

74 1551 156 1581 nihil
178 1551 317 1581 humani
340 1561 361 1581 a
382 1551 483 1590 culpa
505 1561 646 1590 prorsus
669 1561 813 1581 vacuum
838 1557 898 1586 est,
921 1551 1022 1589 plane
1044 1551 1281 1590 inseparabilis
1304 1557 1366 1583 est.
1402 1552 1524 1591 Neque
1543 1563 1627 1583 vero
1644 1553 1709 1584 hac
1728 1553 1849 1593 culpae

74 1605 207 1636 macula
233 1605 342 1635 minus
363 1605 570 1636 venerabilis
593 1605 747 1635 redditur
770 1605 885 1644 imago
909 1606 1059 1636 heroum.
1102 1606 1210 1636 Immo
1240 1616 1289 1641 ea,
1319 1616 1408 1645 quae
1436 1606 1482 1636 illi
1509 1607 1696 1646 patiuntur,
1726 1608 1849 1648 quibus

74 1659 166 1689 illam
189 1659 309 1698 culpae
331 1659 534 1690 caecitatem
556 1659 660 1692 luunt,
692 1659 826 1689 humani
857 1660 994 1698 generis
1024 1660 1133 1690 vicem
1166 1660 1355 1699 patiuntur:
1389 1661 1428 1692 τὰ
1461 1662 1632 1699 παθήματα
1668 1663 1847 1700 μαθήματα.

74 1712 171 1743 Haec
191 1723 257 1743 non
281 1713 366 1753 ipsis
388 1718 528 1749 tantum,
551 1714 607 1753 qui
632 1714 835 1752 plectuntur,
860 1714 920 1743 sed
945 1712 1102 1743 universo
1124 1713 1244 1753 generi
1266 1715 1422 1751 humano,
1446 1713 1568 1745 fructui
1595 1720 1681 1745 sunt.
1718 1714 1777 1745 Ab
1794 1715 1847 1745 his

73 1766 247 1807 principiis
270 1777 370 1797 orsus
386 1766 555 1797 Pindarus
571 1767 713 1797 Adrasti
736 1767 919 1806 imaginem
943 1767 976 1796 in
999 1767 1148 1797 carmine
1168 1768 1263 1799 Nem.
1278 1767 1333 1798 IX
1354 1768 1475 1808 pinxit.
1521 1767 1697 1800 Adrastus
1713 1774 1747 1800 et
1762 1770 1848 1799 Am-

73 1821 234 1860 phiaraus
255 1826 400 1860 uterque
424 1821 522 1851 alteri
547 1827 775 1860 opponuntur.
819 1821 873 1851 Ac
899 1821 1045 1860 primurn
1075 1821 1211 1861 quidem
1241 1821 1386 1853 Adrasti
1414 1823 1588 1863 ingenium
1616 1824 1686 1853 tale
1715 1828 1776 1859 est,
1809 1829 1848 1854 ut

73 1875 118 1905 ad
138 1873 292 1905 strictum
318 1874 374 1905 ius
395 1875 508 1905 omnia
531 1881 680 1910 revocet,
703 1880 739 1905 ut
762 1886 805 1905 ne
828 1884 978 1915 unguem
1002 1876 1140 1915 quidem
1160 1877 1267 1906 latum
1289 1878 1332 1907 ab
1359 1887 1490 1908 summa
1507 1878 1682 1917 aequitate
1697 1884 1731 1908 et
1747 1878 1839 1909 iusti—

73 1929 120 1959 tia
142 1929 310 1964 discedat;
334 1929 395 1960 sed
419 1939 495 1960 cum
518 1930 582 1960 hac
604 1930 676 1960 eius
699 1929 825 1960 virtute
847 1930 911 1960 hoc
934 1929 1051 1960 vitium
1073 1930 1288 1961 coniunctum
1312 1937 1372 1967 est,
1397 1932 1491 1971 quod
1515 1932 1579 1962 sibi
1601 1932 1740 1962 nimium
1764 1942 1842 1962 con-

72 1981 154 2019 fidit,
178 1984 350 2023 quodque,
373 1983 534 2023 quoniam
556 1993 708 2013 normam
731 1983 815 2014 recti
838 1988 872 2014 et
887 1984 985 2023 pravi
1001 1995 1062 2015 suo
1077 1985 1175 2015 unius
1190 1986 1302 2016 iudico
1319 1992 1478 2017 constare
1501 1986 1670 2026 opinatur,
1704 1987 1844 2017 deorum

73 2037 313 2068 immortalium
336 2038 465 2068 monita
488 2043 522 2067 et
544 2042 681 2068 ostenta
702 2047 824 2077 parum
846 2043 942 2068 curat
970 2039 1025 2069 vel
1051 2039 1145 2069 nihili
1175 2040 1342 2071 aestimat.
1387 2040 1474 2071 Tale
1503 2041 1678 2080 ingenium
1701 2040 1845 2071 Adrasti

74 2091 106 2121 in
140 2092 313 2123 veteribus
346 2092 413 2122 iam
446 2091 649 2122 carminibus
683 2092 796 2131 epicis,
832 2097 937 2131 atque
976 2093 1008 2122 in
1035 2093 1110 2132 ipsa
1146 2094 1224 2132 iam⁴
1242 2094 1429 2130 Thebaide,
1464 2095 1680 2134 descriptum,
1714 2095 1845 2135 opinor,

74 2145 198 2184 fuerat;
245 2146 413 2176 Pindarus
446 2146 573 2176 tradita
607 2146 791 2185 antiquitus
820 2146 918 2176 huius
953 2147 1111 2187 imaginis
1146 2147 1352 2178 lineamenta
1386 2148 1575 2178 accuratius
1610 2148 1781 2188 expressit
1813 2153 1847 2179 et

74 2199 250 2239 expolivit.

150 2332 198 2363 20.
245 2331 379 2363 Bellum
403 2332 605 2372 Amphiarai
628 2342 702 2363 cum
725 2332 893 2363 Biantidis
916 2343 936 2363 a
959 2332 1109 2362 Pindaro
1131 2332 1227 2363 Nem.
1249 2331 1311 2366 IX,
1337 2333 1375 2363 13
1397 2337 1573 2363 narratum
1597 2334 1771 2372 quomodo

329 2392 441 2417 ortum
465 2387 515 2418 sit.
567 2385 682 2418 Oi'cles
704 2397 724 2417 a
746 2387 855 2417 Talao
879 2397 987 2427 regno
1008 2387 1126 2427 pulsus
1148 2388 1193 2417 ad
1216 2386 1372 2417 Arcades
1395 2398 1432 2417 se
1455 2387 1585 2428 recipit.

222 2471 454 2513 Quaecunque
478 2475 520 2505 de
545 2474 699 2505 Adrasto
723 2475 913 2510 traduntur,
935 2480 1056 2505 cuncta
1077 2475 1164 2505 hanc
1186 2484 1316 2504 morum
1341 2474 1412 2504 eius
1429 2474 1615 2515 imaginem
1634 2473 1843 2505 confirmant.

73 2527 248 2558 Adrastus
271 2536 347 2558 cum
370 2538 413 2559 ex
435 2529 547 2569 patria
571 2528 678 2569 Argis
701 2529 780 2559 exul
803 2530 893 2569 apud
906 2528 1077 2569 Polybum
1099 2537 1200 2559 avom
1213 2527 1361 2568 Sicyone
1384 2534 1665 2564 commoraretur,
1689 2538 1709 2558 a
1725 2527 1842 2568 Sicyo-
