2023 2891
982 189 999 218 5

96 295 249 319 secutum
273 299 350 319 esse
385 287 563 328 (Apollod,
585 289 613 323 2,
638 289 666 323 2,
690 289 718 326 2,
743 289 760 319 7
793 290 858 326 μετ’
883 288 1067 326 ἀλαλαγμοῦ
1098 288 1148 319 καί
1175 299 1262 327 τινος
1293 290 1407 320 ἐνθέου
1436 289 1564 328 χορείας
1675 290 1709 328 ἐς
1737 292 1881 322 Σικυῶνα

95 343 290 380 συνεδίωξε),
321 348 425 382 atque
448 342 494 373 ibi
518 343 664 380 demum,
688 342 826 381 placata
849 343 991 372 deorum
1014 341 1072 379 ira,
1098 342 1170 372 voti
1193 348 1327 382 patrem
1351 348 1547 383 compotem
1571 343 1700 374 factum
1724 354 1811 379 esse,
1843 350 1881 375 ut

95 397 140 426 ad
164 406 284 426 sanam
307 402 456 427 mentem
486 396 638 436 virgines
669 396 939 426 restituerentur.
984 395 1147 426 Proetum
1171 396 1295 427 deinde
1319 396 1531 437 Melampodi
1561 399 1755 428 mercedem
1779 404 1881 429 antea

96 456 234 490 pactam
259 450 464 481 exsolvisse:
490 451 575 480 duas
597 450 697 489 regni
714 450 928 490 Argivorum
950 456 1068 489 partes
1093 450 1223 486 tertias,
1249 461 1392 490 quarum
1416 452 1560 482 alteram
1582 452 1656 492 ipse
1675 452 1879 492 Melampus,

98 505 241 535 alteram
264 504 371 535 frater
391 504 463 534 eius
475 503 558 534 Bias
574 504 761 544 acceperit;
786 505 975 544 eademque
999 514 1108 543 opera
1119 504 1374 544 Melampodem
1396 506 1587 545 puellarum
1611 507 1754 537 alteram
1767 507 1879 547 Iphia-

95 569 231 590 nassam
255 558 381 599 (Schol.
405 558 532 598 Odyss.
556 569 585 593 o,
608 559 692 597 225),
716 558 872 589 Biantem
896 559 1040 589 alteram
1062 558 1251 598 Lysippam
1284 559 1462 599 (Apollod.
1488 561 1516 595 2,
1539 561 1566 596 2,
1591 561 1619 596 2,
1648 562 1678 598 l)
1710 561 1744 590 in
1766 552 1881 591 matri-

96 613 246 643 monium
270 612 453 652 accepisse.
500 612 575 642 Hac
599 611 717 642 fabula
745 612 827 642 nihi]
861 612 933 643 fere
968 613 1141 652 volgatius
1171 618 1204 643 et
1233 613 1447 643 decantatius
1471 619 1532 649 est,
1571 620 1716 654 suntque
1745 615 1881 654 plurimi

97 667 168 697 eius
191 673 306 698 testes.
351 666 456 697 Ducit
479 676 605 706 agmen
627 666 802 697 Hesiodus
824 666 857 696 in
880 666 1083 707 fragmentis
1108 677 1126 696 e
1151 667 1330 697 mulierum
1353 668 1526 707 catalogo,
1561 667 1602 698 cf.
1625 668 1779 704 Hesiodi,
1814 669 1881 699 Eu-

96 721 174 752 meli
197 726 274 753 cett.
299 720 422 760 fragm.
447 721 500 752 ed.
523 720 789 751 Marckscheffel
811 730 842 760 p.
867 721 936 752 294.
980 720 1181 751 Eustathius
1214 730 1334 751 versus
1361 722 1522 757 servavit,
1560 722 1683 762 quibus
1706 722 1881 754 Hesiodus

97 776 252 805 morbum
288 775 470 814 descripsit
494 785 514 805 a
536 775 673 805 Venere
707 785 768 805 seu
789 774 919 806 Iunone
954 775 1150 809 excitatum,
1185 774 1341 805 Eustath.
1370 774 1496 815 Odyss.
1520 786 1547 811 ν,
1570 777 1629 807 401
1662 786 1695 816 p.
1721 777 1811 811 1746,
1844 778 1881 808 10

96 829 147 859 καὶ
169 829 229 866 γάρ
252 835 330 867 σφιν
352 830 511 868 κεφαλῇσι
537 829 616 859 κατὰ
640 828 736 866 κνύος
761 828 851 860 αἰνὸν
875 829 998 866 ἔχευεν·
1022 828 1033 868 Ιί
1056 829 1163 867 ἄλφος
1186 830 1247 867 γὰρ
1275 829 1356 868 χρόα
1379 830 1482 861 πάντα
1506 831 1706 869 κατέσχεθεν,
1730 832 1765 862 ἐκ
1787 832 1822 862 δέ
1844 842 1881 863 νυ

96 884 199 920 χαῖται
221 881 232 921 ΙΙ
255 882 368 920 ἔρρεον
391 882 426 913 ἐκ
448 882 628 920 κεφαλέων,
666 882 789 920 ψίλωτο
813 883 848 913 δὲ
871 883 952 913 καλὰ
975 883 1105 921 κάρηνα.
1155 882 1352 922 Sequuntur
1376 883 1562 914 Acusilaus
1586 895 1640 924 ap.
1664 885 1828 924 Apollod.
1853 887 1881 922 2,

97 938 125 971 2,
149 937 177 971 2,
200 937 217 966 2
241 942 274 966 et
296 935 519 975 Pherecydes
543 945 597 975 ap.
622 934 701 966 sch.
727 935 852 976 Odyss.
871 947 898 971 ο,
916 937 985 967 225.
1030 937 1058 967 Ε
1081 937 1251 967 Romanis
1274 937 1372 967 testis
1395 938 1681 969 luculentissimus
1705 939 1881 979 Vergilius

96 990 164 1021 Ecl.
189 990 216 1025 6,
240 991 280 1021 48
315 989 487 1020 Proclz‘dcs
514 989 700 1031 implerunt
720 989 834 1030 falsis
865 989 1054 1031 mugilibus
1076 1001 1187 1031 agros,
1221 992 1266 1021 ad
1289 1002 1391 1031 quern
1414 993 1525 1022 locum
1548 992 1689 1023 Servius
1712 994 1798 1024 haec
1821 994 1880 1024 ad-

95 1044 241 1075 notavit:
272 1043 348 1074 Hac
374 1053 407 1073 se
435 1054 508 1074 cum
539 1042 671 1074 lunam·
697 1043 734 1073 in
755 1043 1014 1084 pulcllrsfudz'ne
1035 1044 1287 1085 praetulissent,
1323 1045 1389 1085 [vel
1417 1047 1455 1075 uf
1482 1045 1618 1086 quadam
1648 1047 1774 1083 volunt,
1807 1058 1881 1077 cum

95 1099 204 1137 essent
235 1097 415 1133 αηίίςίίίιῑς,
449 1107 551 1128 ausae
582 1100 665 1128 sunt
688 1097 776 1128 vesti
795 1097 870 1129 eius
892 1109 1015 1129 aarum
1049 1099 1233 1129 detrudam
1267 1098 1303 1129 z‘n
1327 1110 1424 1129 usum
1447 1110 1547 1130 suzam
1570 1103 1787 1140 convcrternj:
1821 1101 1882 1132 z'lla

97 1150 186 1181 irata
209 1151 298 1181 lumc
318 1151 481 1192 furorem
505 1161 620 1181 aarum
653 1150 799 1182 immisi!
828 1151 1002 1189 mensibus,
1041 1156 1086 1188 ut,
1114 1156 1276 1194 putantes
1296 1164 1329 1184 se
1350 1163 1475 1189 vaccas,
1510 1153 1547 1184 z'lz
1569 1155 1677 1185 saltus
1698 1155 1833 1186 abirent
1853 1159 1885 1186 et

89 1205 288 1246 plerumque
314 1205 490 1247 mugirent
510 1207 542 1235 cl
567 1204 727 1235 timerent
754 1208 882 1237 aratra.
926 1207 1001 1237 Has
1024 1207 1214 1248 Alelampus
1236 1207 1460 1249 Amythaonis
1481 1208 1585 1250 filius
1600 1211 1701 1250 pacta
1728 1210 1882 1246 mercede,

96 1261 135 1288 ut
151 1258 388 1300 Q‘rz'almssam
410 1255 633 1298 (Ἰφιάνασσαν
653 1260 887 1300 Pherecydes)
909 1271 1046 1291 uxorem
1069 1272 1142 1292 cnm
1160 1264 1259 1303 parfc
1282 1261 1386 1303 regni
1405 1262 1574 1303 acciperet,
1591 1263 1725 1304 placata
1742 1264 1882 1300 lunone,

97 1312 223 1354 infecto
234 1313 348 1354 sonte,
372 1312 432 1343 ubi
444 1312 562 1343 solisne
577 1316 677 1343 crant
690 1313 803 1349 bibere,
822 1315 992 1356 plagavit
1012 1318 1044 1345 ct
1065 1315 1101 1345 z'n
1112 1315 1304 1357 pristinum
1320 1327 1455 1346 sensum
1474 1317 1622 1348 rcdltxz‘t.
1660 1318 1715 1349 De
1732 1318 1882 1359 Sicyone

97 1368 191 1403 urbe,
215 1368 273 1398 ubi
296 1367 495 1398 Proetidum
518 1367 625 1398 furori
647 1367 724 1399 finis
746 1368 929 1408 impositus
952 1370 1005 1406 sit,
1031 1370 1119 1401 conf.
1143 1370 1308 1411 Apollod.
1327 1373 1354 1406 2,
1379 1372 1407 1406 2,
1431 1373 1459 1407 2,
1484 1371 1501 1402 7
1526 1377 1560 1402 et
1583 1372 1731 1403 Pausan.
1753 1374 1779 1411 2,
1802 1374 1829 1409 7,
1849 1374 1880 1408 8;

98 1422 125 1457 2,
152 1422 181 1457 9,
206 1423 237 1457 8;
263 1424 291 1458 2,
318 1423 363 1458 12,
387 1423 414 1453 2.

222 1593 250 1622 4.
294 1591 332 1622 In
355 1592 590 1631 antiquissima
613 1594 815 1633 anagrapha
836 1593 1005 1634 Argolica
1027 1595 1175 1625 Proetus
1199 1595 1410 1635 Melampodi
1434 1596 1587 1635 aequalis
1610 1597 1756 1635 ponitur.

308 1646 538 1686 Melampodis
562 1653 659 1677 aetas
680 1648 831 1688 mythica
855 1659 899 1678 ex
922 1648 1104 1689 Odysseae
1127 1650 1204 1680 loco
1229 1660 1256 1684 o,
1282 1650 1445 1680 241—255
1470 1650 1668 1681 certissima.

247 1747 375 1777 Verum
399 1747 488 1778 enim
510 1757 593 1779 vero
628 1748 728 1778 huius
760 1747 898 1779 fabulae
928 1755 998 1778 tam
1030 1749 1238 1779 venerabilis
1262 1754 1296 1779 et
1319 1749 1490 1789 antiquae,
1525 1760 1545 1780 a
1576 1756 1629 1781 tot
1661 1750 1882 1781 nobilissimis

97 1801 321 1841 scriptoribus
344 1802 550 1838 celebratae,
576 1803 753 1842 paullatim
778 1821 816 1824 -—
839 1803 995 1833 mirabile
1018 1803 1110 1833 dictu
1135 1821 1176 1825 —
1205 1809 1320 1834 tamen
1344 1803 1430 1834 fides
1454 1809 1488 1835 et
1510 1804 1638 1835 veritas
1659 1805 1692 1834 in
1712 1804 1882 1845 discepta-

97 1855 225 1886 tionem
248 1857 365 1886 vocari
388 1861 513 1896 coepta
536 1862 597 1888 est.
643 1857 916 1887 Fundamentum
938 1857 1059 1896 ipsum,
1093 1867 1161 1897 quo
1190 1858 1277 1888 haec
1304 1858 1456 1888 narratio
1486 1859 1529 1889 de
1551 1859 1784 1899 Melampodis
1806 1869 1882 1890 cum

98 1909 226 1940 Proeto
251 1911 455 1941 commercio
488 1916 521 1942 et
555 1911 729 1942 consortio
757 1911 939 1947 nitebatur,
974 1922 1065 1942 novo
1093 1917 1127 1942 et
1154 1912 1240 1942 miro
1268 1913 1371 1952 plane
1394 1914 1622 1953 oppugnandi
1648 1924 1778 1954 genere
1802 1924 1881 1945 con-

98 1973 234 1995 cussum
257 1970 291 1995 et
313 1964 562 1996 labefactatum
585 1971 645 1996 est.
686 1965 733 1996 Ut
754 1966 852 1996 brevi
876 1966 1000 1998 dicam:
1024 1971 1158 1997 aetates
1182 1972 1216 1998 et
1239 1973 1407 2007 tempora⁷
1432 1968 1555 2008 quibus
1578 1968 1727 1999 Proetus
1753 1974 1786 1999 et
1808 1969 1881 1999 Me-

97 2018 230 2058 lampus
253 2019 380 2049 vixisse
415 2019 625 2055 dicebantur,
662 2030 739 2051 cum
766 2020 933 2051 curiosius
964 2021 1142 2061 paullatim
1177 2023 1220 2052 de
1254 2022 1467 2062 temporibus
1501 2023 1649 2062 antiquis
1683 2023 1882 2054 ordinandis

98 2072 216 2112 quaeri
247 2073 437 2104 institutum
461 2079 563 2112 esset,
597 2073 664 2104 iam
697 2084 765 2105 non
794 2075 877 2105 satis
901 2075 988 2106 inter
1012 2086 1049 2106 se
1073 2076 1253 2106 concinere
1284 2077 1497 2108 videbantur.
1541 2077 1669 2108 Priscis
1700 2088 1783 2109 sane
1817 2078 1882 2109 illis

99 2132 177 2157 ante
200 2127 462 2158 Heraclidarum
496 2128 642 2158 reditum
679 2130 824 2160 saeculis
847 2130 962 2161 Proeti
985 2136 1018 2161 et
1040 2130 1273 2170 Melampodis
1307 2136 1440 2162 aetates
1464 2132 1594 2172 optime
1619 2131 1708 2163 inter
1741 2142 1778 2163 se
1805 2143 1882 2163 con-

98 2187 270 2220 gruerant.
304 2182 389 2212 Post
412 2192 574 2222 magnam
597 2183 699 2219 illam,
723 2194 825 2223 quam
848 2184 1110 2215 Heraclidarum
1134 2185 1376 2225 migrationem
1399 2195 1526 2217 vocare
1549 2187 1707 2223 solemus,
1732 2187 1882 2217 omnium

99 2245 211 2265 rerum
228 2237 500 2273 conversionem,
524 2247 599 2267 cum
617 2237 775 2269 universa
790 2238 1052 2279 Peloponnesus
1069 2239 1101 2269 in
1117 2249 1244 2269 novom
1261 2239 1414 2269 ordinem
1431 2245 1561 2278 coacta,
1586 2250 1661 2270 cum
1679 2246 1731 2271 tot
1747 2246 1882 2272 veteres

99 2289 221 2319 domus
244 2290 362 2330 regiae
388 2295 447 2321 aut
469 2292 658 2322 subversae
689 2298 748 2322 aut
780 2293 901 2323 alienis
924 2293 1137 2324 emblematis
1161 2298 1282 2323 auctae
1304 2299 1429 2329 essent,
1464 2299 1601 2325 vetusta
1624 2294 1683 2325 illa
1704 2295 1882 2326 Achaicae

100 2343 224 2374 aetatis
247 2344 280 2374 in
304 2343 428 2376 fabulis
451 2345 611 2376 texendis
633 2346 809 2377 harmonia
832 2348 985 2386 plurimis
1009 2348 1094 2378 locis
1116 2349 1319 2387 perturbata
1342 2354 1376 2379 et
1399 2348 1568 2379 dissoluta
1592 2354 1652 2380 est.
1688 2349 1761 2379 Iam
1778 2349 1883 2389 igitur

99 2397 244 2437 primurn
266 2398 453 2438 videamus⁷
478 2401 769 2439 quemadmodum
792 2402 882 2438 olim,
906 2401 1083 2433 Achaicae
1107 2403 1349 2433 dominationis
1366 2408 1530 2442 tempore,
1554 2403 1673 2435 Proeti
1689 2409 1724 2434 et
1739 2403 1881 2435 Melam-

100 2451 200 2490 podis
231 2456 328 2482 aetas
361 2462 580 2493 summopere
605 2455 821 2485 consentiens
847 2462 881 2486 et
904 2466 1058 2496 congrua
1081 2456 1191 2488 fuerit.
1236 2457 1466 2497 Melampodis
1490 2463 1587 2488 aetas
1609 2468 1676 2498 quo
1699 2458 1881 2489 intervallo

100 2516 121 2536 a
134 2506 227 2536 bello
242 2505 384 2546 Septem
403 2507 569 2538 adversus
583 2507 722 2539 Thebas
739 2508 897 2546 abfuerit,
919 2511 1049 2550 optime
1065 2512 1259 2543 declaratur
1275 2512 1352 2543 loco
1367 2512 1675 2551 praestantissumo
1689 2511 1882 2553 Odysseae,
