2023 2891
999 212 1035 241 16

128 313 287 343 volutans
312 312 514 347 Clisthenes,
548 318 583 341 ut
615 311 742 341 veteris
762 311 877 341 Inachi
904 320 1026 341 nomen
1057 311 1271 351 posteritatis
1299 311 1485 341 memoriae
1517 312 1705 346 mandaret,
1742 311 1906 342 iuniorem

128 368 299 407 quendam
323 366 485 397 Inachum
508 372 588 405 post
611 365 782 405 Polybum
804 365 837 394 in
863 366 1066 404 anagrapha
1093 366 1285 401 collocavit,
1330 365 1499 395 Attribuit
1531 365 1609 395 huic
1632 365 1759 396 Inacho
1799 375 1907 396 annos

129 422 168 452 42
192 421 378 451 secundum
402 419 586 450 Eusebium
610 419 676 450 vol.
699 419 731 449 Π
755 419 806 449 ed.
832 418 908 450 sch.
933 429 965 458 p.
986 420 1026 449 46
1057 425 1090 449 et
1112 420 1162 455 47,
1186 421 1240 450 vel
1270 420 1296 450 si
1321 419 1482 460 Syncello
1511 430 1542 459 p.
1568 420 1627 450 279
1655 420 1903 459 adstipulemur

129 485 235 505 annos
258 476 306 506 45.

218 604 263 634 16.
308 602 469 643 Pelasgus
492 609 524 633 et
547 601 740 642 H2lyj>lli1ies
762 601 795 631 in
820 602 1021 641 anagrapha
1044 600 1124 640 quid
1149 600 1212 630 sibi
1236 600 1349 631 velint.
1395 600 1576 640 Quomodo
1601 599 1673 630 fieri
1697 601 1816 639 possit,

347 663 383 687 ut
405 656 609 696 Polyphidis
631 656 676 686 nil
698 656 761 686 nisi
783 665 909 686 nornen
932 655 964 684 in
987 655 1189 694 anagrapha
1211 654 1361 693 positum
1384 655 1600 684 stomachum
1625 655 1691 684 iam

769 709 912 750 Argivis
935 719 1076 740 movere
1099 709 1265 740 debuerit.

276 798 328 828 Ex
352 799 481 829 eisdem
514 797 682 838 originum
707 802 741 828 et
771 797 1036 837 primordiorum
1060 796 1301 837 Sicyoniorum
1331 797 1460 832 studiis,
1494 797 1617 836 quibus
1649 797 1841 828 Clisthenes
1874 803 1907 828 et

127 853 225 884 amici
250 853 331 888 eius,
368 853 567 883 sacerdotes
592 851 722 887 Carnei,
756 858 826 882 tarn
861 851 1068 891 exquisitam
1102 861 1217 881 curam
1242 851 1491 890 impenderunt,
1524 852 1651 890 prodiit
1683 852 1774 882 haud
1805 852 1907 882 dubie

126 907 265 937 alterius
285 917 420 947 quoque
436 907 530 946 regis
546 906 771 937 commenticii
788 916 922 941 nomen,
947 906 1040 944 quod
1057 905 1319 935 remotissimam
1341 906 1578 945 antiquitatem
1594 907 1737 941 redolet,
1762 905 1906 946 Pelasgi.

126 961 224 992 Hunc
247 961 433 1001 Pelasgum
458 960 650 992 Clisthenes
672 960 705 990 in
726 969 847 999 regum
872 959 959 990 serie
986 960 1241 999 paenultimum‚
1276 961 1306 991 h.
1329 970 1357 990 e.
1381 960 1578 990 vicesimum
1615 960 1780 1000 quintum,
1816 959 1905 995 fecit,

125 1022 204 1046 ante
226 1015 442 1055 Zeuxippum
465 1024 681 1055 proxumum.
725 1014 848 1044 Annos
872 1015 902 1045 ei
934 1014 1130 1054 adsignavit
1155 1015 1203 1049 20,
1239 1013 1328 1044 conf.
1352 1014 1476 1044 Euseb.
1500 1015 1519 1044 l.
1544 1025 1569 1044 S.
1592 1024 1624 1053 p.
1649 1015 1687 1045 54
1712 1024 1761 1054 sq.
1805 1013 1907 1054 Sync.

124 1080 155 1109 p.
180 1070 250 1101 280.
294 1069 372 1100 Hoc
393 1069 530 1099 nomine
552 1068 666 1108 posito
691 1068 885 1099 Clisthenes
911 1068 1138 1108 antiquorum,
1173 1068 1229 1107 qui
1253 1068 1441 1107 primordio
1465 1078 1578 1099 rerum
1601 1068 1800 1108 Sicyoniam
1823 1078 1906 1108 quo—

124 1134 190 1164 que
213 1124 406 1159 coluissent,
430 1123 658 1163 Pelasgorum
681 1123 888 1153 memoriam
912 1132 1082 1153 renovare
1105 1123 1243 1153 studuit.
1290 1122 1439 1162 Sicyone
1469 1123 1557 1153 enim
1593 1123 1698 1153 multa
1729 1133 1907 1154 caseorum

125 1186 318 1218 temporum
345 1184 565 1208 monumenta
589 1183 622 1208 et
654 1177 818 1217 reliquiae
846 1177 1053 1216 visebantur,
1089 1187 1176 1216 quae
1211 1178 1254 1206 ad
1279 1177 1507 1216 Pelasgorum
1529 1182 1647 1214 artem,
1673 1177 1808 1214 cultum,
1832 1177 1907 1207 reli—

124 1233 246 1272 giones
269 1231 389 1262 referri
418 1237 589 1272 poterant.
636 1232 824 1262 Pausanias
860 1232 927 1261 duo
962 1232 1144 1262 simulacra
1176 1237 1433 1267 commemorat,
1471 1232 1615 1261 alterum
1641 1231 1733 1262 Iovis
1756 1231 1907 1266 Milichii,

125 1287 268 1317 alterum
292 1286 426 1316 Dianae
450 1286 609 1321 Patroae,
644 1296 732 1326 quae
754 1286 847 1316 nulla
870 1291 944 1316 arte
968 1285 1068 1321 facta,
1091 1286 1192 1316 nullis
1216 1286 1284 1316 oris
1308 1286 1522 1316 lineamentis
1546 1285 1728 1325 expressis,
1763 1285 1908 1316 formam

124 1346 255 1370 tantum
276 1340 465 1380 pyramidis
489 1345 522 1371 et
545 1340 721 1371 columnae
744 1340 941 1376 habuerint;
968 1340 1069 1371 Paus.
1093 1341 1122 1378 2,
1148 1340 1176 1373 9,
1201 1341 1219 1370 6
1253 1341 1331 1378 μετὰ
1354 1341 1388 1371 δὲ
1412 1341 1448 1371 τὸ
1471 1340 1605 1379 Ἀράτου
1628 1341 1737 1381 ἡρῷον
1761 1365 1766 1370 .
1786 1365 1815 1372 ..
1840 1340 1908 1371 ἔστι

199 1395 282 1433 Ζεὺς
304 1395 466 1433 Μειλίχιος
489 1395 539 1425 καὶ
561 1394 706 1433 Ἄρτεμις
730 1394 947 1432 ὀνομαζομένη
972 1394 1121 1435 Πατρῴα,
1153 1395 1215 1425 σὺν
1238 1395 1331 1435 τέχνῃ
1356 1395 1553 1433 πεποιημένα
1585 1395 1730 1435 οὐδεμιᾷ·
1758 1395 1908 1433 πυραμίδι

124 1450 158 1480 δὲ
182 1450 199 1480 ὁ
224 1449 393 1487 Μειλίχιος,
417 1449 435 1486 ἡ
460 1450 494 1480 δὲ
516 1449 595 1480 κίονί
617 1449 704 1480 ἐστιν
728 1449 908 1487 εἰκασμένη.
943 1449 1030 1480 conf.
1056 1448 1195 1489 Gompf,
1229 1449 1366 1490 Sicyon.
1389 1460 1480 1489 spec.
1504 1460 1536 1490 p.
1559 1451 1598 1480 80
1621 1455 1691 1480 not.
1716 1450 1773 1480 137
1807 1455 1841 1480 et
1871 1449 1906 1480 C.

123 1504 158 1535 F.
182 1504 367 1539 Hermann,
404 1502 665 1534 Gottesdienstl.
691 1503 779 1533 Alt.2
801 1504 819 1543 ξ
844 1505 890 1541 18,
920 1505 966 1534 12.
1011 1503 1145 1534 Deinde
1168 1505 1235 1534 hoc
1256 1514 1396 1543 quoque
1418 1505 1759 1534 commemorandum
1782 1510 1844 1539 est,
1874 1503 1908 1533 in

124 1558 271 1598 antiquis
300 1558 424 1588 fabulis
449 1557 569 1597 Asopi,
604 1558 659 1588 dei
682 1557 827 1588 fluvialis
853 1564 887 1588 et
909 1558 1002 1597 regis
1024 1559 1117 1597 apud
1140 1558 1319 1592 Phliasios,
1351 1557 1454 1588 filium
1478 1558 1583 1588 fuisse
1606 1558 1804 1597 Pelasgum,
1840 1567 1908 1597 qua

124 1614 166 1644 de
189 1623 226 1643 re
249 1617 395 1643 testatur
417 1612 560 1643 Diodor.
577 1614 604 1649 4,
619 1613 667 1647 72,
694 1614 705 1643 1
729 1612 879 1651 Ἀσωπὸς
903 1615 938 1644 δὲ
955 1614 989 1644 ἐν
1007 1613 1156 1643 Φλιοῦντι
1172 1613 1365 1650 κατοικήσας
1384 1612 1479 1650 ἔγημε
1495 1612 1655 1649 Μετώπην
1673 1612 1730 1650 τήν
1746 1612 1907 1650 Λάδωνος,

123 1669 153 1699 ἐξ
177 1668 215 1706 ἧς
238 1668 388 1705 ἐγένοντο
407 1668 465 1698 δύο
489 1668 545 1705 μὲν
567 1667 637 1704 υἱοί,
659 1667 832 1705 Πελασγὸς
859 1668 909 1698 καὶ
931 1667 1084 1706 Ἰσμηνός.
1130 1667 1193 1697 His
1218 1667 1375 1697 omnibus
1402 1667 1568 1706 reputatis
1591 1666 1760 1705 Pelasgus
1785 1667 1906 1697 eodem

124 1723 237 1759 modo,
261 1728 297 1752 ut
313 1722 460 1752 Inachus
482 1721 514 1751 in
539 1722 740 1760 anagrapha
753 1720 926 1761 Sicyonia,
951 1722 1115 1751 subnatus
1128 1722 1264 1751 videtur
1287 1733 1305 1752 e
1330 1722 1450 1751 studiis
1474 1721 1506 1751 in
1531 1721 1720 1760 originibus
1738 1720 1907 1761 Sicyoniis

124 1787 143 1805 a
168 1776 341 1807 Clisthene
365 1776 551 1806 eollacatis.

270 1830 415 1860 Praeter
437 1831 498 1859 has
521 1829 636 1859 Inachi
659 1835 693 1859 et
715 1828 858 1868 Pelasgi
884 1830 1031 1866 umbras,
1055 1839 1141 1869 quas
1166 1830 1197 1859 in
1223 1839 1284 1859 sua
1307 1829 1439 1860 fabrica
1469 1829 1568 1860 fictas
1590 1840 1710 1869 regum
1736 1829 1837 1860 indici
1859 1829 1907 1859 in-

125 1885 228 1915 seruit
244 1883 444 1919 Clisthenes,
469 1884 607 1913 tertium
630 1883 732 1913 etiam
756 1889 808 1913 est
831 1893 956 1913 nomen
980 1882 1171 1924 Poljplzz'dt's
1194 1884 1296 1923 regis,
1321 1885 1415 1923 quod
1435 1884 1546 1923 ipsum
1563 1894 1699 1923 quoque
1717 1884 1750 1913 in
1767 1883 1907 1922 antiqua

124 1940 325 1979 anagrapha
346 1948 412 1969 non
435 1938 612 1973 invenitur,
646 1939 707 1968 sed
731 1948 772 1968 eo
796 1938 939 1968 consilio
963 1948 983 1967 a
1007 1938 1182 1968 Clisthene
1205 1938 1445 1978 interpositum
1469 1944 1530 1973 est,
1558 1944 1595 1968 ut
1620 1938 1849 1978 Hippolytum
1873 1944 1907 1967 et

123 1993 350 2023 Lacestadam
372 1994 448 2023 loco
472 1998 636 2023 moveret.
680 1993 790 2023 Huius
813 2002 954 2032 quoque
976 1992 1120 2022 nominis
1143 1993 1232 2022 ratio
1256 1993 1354 2022 reddi
1380 1992 1517 2031 poterit.
1563 1991 1702 2029 Caussa,
1740 2002 1807 2031 qua
1830 2001 1906 2031 per-

124 2052 235 2077 motus
258 2047 486 2087 Polyphidem
510 2046 701 2077 Clisthenes
724 2046 871 2081 intrusit,
897 2047 1018 2077 eadem
1042 2052 1103 2082 est,
1133 2057 1201 2087 qua
1225 2047 1390 2086 impulsus
1412 2047 1559 2087 plurima
1582 2047 1614 2076 in
1637 2046 1813 2086 republica
1845 2056 1906 2076 no-

124 2102 225 2137 vavit,
250 2102 383 2141 insigne
407 2111 492 2141 erga
515 2101 669 2141 Argivos
698 2101 822 2131 odium.
868 2101 1080 2141 Polyphides
1115 2101 1203 2131 enim
1227 2101 1289 2131 fuit
1315 2102 1443 2141 antiqui
1477 2101 1570 2141 regis
1593 2100 1718 2140 Argivi
1743 2100 1864 2130 Mantii
1888 2109 1906 2130 e

123 2162 228 2195 gente
240 2156 574 2196 Melampodidarum
588 2155 686 2190 filius,
711 2156 769 2195 qui
792 2160 938 2195 propter
955 2165 1064 2195 grave
1080 2165 1156 2186 cum
1173 2161 1272 2195 patre
1291 2165 1352 2186 suo
1369 2155 1547 2185 discidium
1565 2165 1582 2185 e
1602 2154 1716 2194 patria
1738 2154 1904 2191 discessit,

123 2216 156 2240 et
180 2210 407 2250 Hyperesiam
432 2220 468 2240 se
492 2210 643 2245 contulit,
678 2210 731 2241 cui
754 2210 884 2249 oppido
909 2209 1062 2250 Aegirae
1094 2214 1218 2249 postea
1241 2219 1366 2239 nomen
1389 2209 1460 2243 fuit,
1493 2209 1655 2248 quodque
1680 2209 1763 2238 haut
1786 2209 1905 2248 procul

123 2274 142 2293 a
166 2263 314 2304 Sicyone
347 2266 455 2295 abest.
500 2265 831 2295 Luculentissumum
864 2269 898 2294 et
929 2264 1248 2303 locupletissumum
1284 2265 1325 2294 de
1348 2263 1542 2303 Polyphide
1579 2268 1704 2293 testem
1738 2263 1905 2293 habemus

124 2318 312 2349 Homerum
336 2318 399 2350 Od.
425 2330 452 2354 ο,
476 2319 650 2350 249-255.
693 2319 820 2349 Narrat
844 2319 1024 2354 Homerus,
1058 2318 1225 2348 Mantium
1249 2317 1479 2357 Melampodis
1501 2316 1606 2347 filium
1632 2327 1650 2347 e
1674 2317 1817 2348 muliere
1838 2316 1903 2347 Ar-

123 2373 204 2412 giva
221 2391 258 2394 ——
274 2373 521 2412 Iphianassam,
544 2373 661 2403 Proeti
681 2372 785 2403 filiam
802 2373 971 2414 intellegit
996 2391 1034 2394 —
1056 2378 1264 2412 prognatum
1289 2373 1375 2402 duos
1400 2382 1516 2402 rursus
1531 2371 1622 2402 filios
1637 2372 1814 2411 genuisse:
1837 2371 1904 2401 Po-

122 2427 297 2466 lyphide-m
335 2432 368 2457 et
401 2427 531 2458 Clitum.
575 2426 743 2461 Alterum,
777 2426 913 2463 Clitum,
949 2426 1121 2457 Auroram
1154 2427 1324 2466 rapuisse3
1359 2427 1514 2460 alterum,
1550 2426 1790 2466 Polyphidem,
1822 2431 1904 2466 post

122 2480 325 2521 Amphiarai
342 2482 558 2512 immaturam
576 2488 721 2511 mortem
741 2482 784 2511 ab
802 2481 968 2521 Apolline
984 2481 1149 2521 optimum
1175 2481 1323 2511 omnium
1338 2481 1533 2511 mortalium
1549 2486 1664 2511 vatem
1682 2480 1903 2511 constitutum

124 2545 209 2567 esse,
233 2535 296 2566 Od.
313 2546 340 2571 o,
358 2536 417 2566 252
442 2536 542 2574 αὐτὰρ
564 2536 747 2574 ὑπέρθυμον
765 2536 972 2575 Πολυφείδεα
996 2536 1105 2575 μάντιν
1129 2535 1295 2567 Ἀπόλλων
1319 2535 1330 2575 Η
1353 2537 1427 2573 θῆκε
1451 2536 1574 2573 βροτῶν
1598 2534 1646 2573 ὄχ’
1671 2534 1812 2573 ἄριστον,
1836 2535 1903 2567 ἐπεὶ
