2023 2891
1019 177 1037 207 6

138 290 206 320 quo
231 280 274 311 de
296 278 630 319 Melampodidarum
650 282 726 308 tota
749 277 915 318 prosapia
938 276 1132 316 exponitur,
1157 276 1283 316 odyss.
1306 287 1334 312 o,
1359 278 1429 308 241.
1474 277 1601 307 Narrat
1623 284 1737 317 poeta,
1760 278 1922 318 quemad-

138 335 276 365 modum
308 333 341 364 in
371 333 548 373 Argorum
582 333 702 363 urbem
735 331 868 362 venerit
898 331 1105 369 Melampus:
1139 330 1216 362 ἔνθα
1244 332 1272 362 δ’
1297 330 1392 369 ἔγημε
1421 333 1556 367 γυναῖκα
1585 332 1636 362 καὶ
1662 331 1828 371 ὑψηρεφὲς
1848 333 1922 364 θέτο

138 390 237 427 δῶμα,
254 387 266 429 Η
279 388 406 425 γείνατο
430 387 456 419 δ’
474 387 663 426 Ἀντιφάτην
685 387 736 418 καὶ
752 386 896 419 Μάντιον
911 385 958 417 υἷε
975 385 1122 424 κραταιώ.
1138 383 1150 424 Η
1165 379 1359 423 Ἀντιφάτης
1378 386 1435 423 μὲν
1451 385 1571 417 ἔτικτεν
1585 386 1715 423 Ὀικλῆα
1732 387 1922 425 μεγάθυμον,

138 442 150 483 Η
173 442 273 481 αὐτὰρ
292 442 449 480 Ὀικλείης
483 441 651 473 λαοσσόον
681 440 888 479 Ἀμφιάραον,
918 439 930 481 Η
953 464 958 470 .
981 464 986 470 .
1011 465 1016 470 .
1040 439 1183 477 Μάντιος
1218 439 1257 470 αὖ
1291 440 1401 471 τέκετο
1428 440 1635 478 Πολυφείδεά
1662 450 1696 471 τε
1724 441 1853 472 Κλεῖτόν
1878 451 1922 473 τε.

138 496 342 536 Polyphidis
364 495 452 525 filius
474 495 749 535 Theoclymenus
773 500 833 531 est,
856 493 1053 524 Telemachi
1080 493 1208 531 hospes
1240 493 1448 523 vaticinandi
1472 498 1546 523 arte
1569 494 1755 533 praeditus,
1778 501 1921 534 propter

139 560 241 591 quem
276 550 413 581 omnino
448 555 593 580 stemma
625 549 708 579 illud
736 558 757 579 a
783 553 890 588 poeta
924 547 1163 587 interponitur:
1201 545 1265 578 Od.
1289 557 1316 582 ο,
1342 547 1402 578 256
1432 549 1489 579 τοῦ
1523 549 1580 586 μὲν
1613 547 1662 587 ἄρ’
1698 549 1767 587 υἱὸς
1798 549 1924 588 ἐπῆλθε,

139 604 363 643 Θεοκλύμενος
385 603 412 634 δ’
436 602 526 642 ὄνομ’
549 603 616 641 ἦεν,
639 602 650 643 Η
673 603 710 640 ὃς
732 602 806 633 τότε
827 602 1016 640 Τηλεμάχου
1038 602 1139 639 πέλας
1160 601 1284 633 ἵστατο.
1323 600 1440 632 Series
1462 602 1568 642 igitur
1578 602 1923 642 Melampodidarurn‚

139 669 219 689 nam
241 659 309 688 duo
334 663 412 688 sunt
436 657 669 697 Melampodis
692 656 761 695 filii,
794 666 857 696 per
880 666 966 696 quos
993 656 1097 695 stirps
1126 661 1349 695 propagatur,
1386 656 1496 686 altera
1517 657 1603 687 haec
1626 662 1691 687 est:
1725 656 1924 698 *Melampus

139 711 349 753 Antzplzates,
368 711 485 747 Oi'clm,
503 710 758 752 Ampln‘araus;
782 712 892 741 altera
914 711 1014 741 haec:
1040 709 1240 750 ⁴llclampus,
1263 708 1434 746 Alantz‘us,
1451 709 1647 751 Poljsrplzz'des
1671 711 1777 751 (quod
1799 721 1924 743 nomen

140 777 208 798 non
231 777 308 798 cum
330 766 523 802 Leutschio,
547 766 716 796 Thebaid.
738 765 831 806 Cycl.
844 765 1008 804 reliquiae
1025 774 1057 804 p.
1074 765 1114 795 48
1137 764 1171 794 in
1190 759 1377 804 ‘Polyidus'
1400 765 1601 795 mutandum
1622 764 1697 804 est),
1724 765 1923 806 Theoclyme-

140 831 213 851 nus,
267 821 457 851 Pausanias
490 821 585 860 quod
618 822 646 856 6,
682 821 729 855 17,
761 821 779 850 6
810 819 978 850 Mantium
1008 819 1131 858 potius,
1168 827 1232 858 pro
1263 818 1466 858 Antiphate‚
1504 818 1609 850 Oi'clis
1641 825 1776 859 patrem
1807 826 1923 851 vocat:

139 876 355 914 Μελάμποδος
378 877 438 914 γὰρ
461 875 500 914 ἦν
519 877 577 906 τοῦ
599 869 798 912 Ἀμυθάονος
824 874 976 912 Μάντιος,
1000 875 1057 904 τοῦ
1080 874 1114 904 δὲ
1138 872 1271 910 Ὀικλῆς,
1295 878 1493 912 corruptam
1515 873 1583 903 iam
1608 874 1776 913 sequioris
1799 874 1924 905 aetatis

139 930 329 960 doctrinam
353 930 513 960 ostendit.

288 984 342 1014 Ex
365 984 427 1019 his,
465 994 553 1023 quae
578 984 683 1013 allata
707 988 792 1015 sunt,
828 983 919 1013 clare
944 986 1098 1021 apparet,
1134 991 1202 1020 quo
1225 981 1406 1011 intervallo
1435 992 1455 1011 a
1477 982 1569 1012 bello
1594 981 1736 1022 Septem
1758 983 1925 1012 adversus

140 1038 281 1068 Thebas
297 1037 491 1076 Melampus
515 1036 670 1067 abfuerit.
702 1036 775 1066 Iam
800 1035 962 1075 sequitur,
988 1040 1023 1064 ut
1046 1034 1201 1064 Proetum
1226 1045 1366 1075 quoque
1388 1036 1421 1065 in
1444 1036 1687 1075 antiquissimis
1709 1036 1925 1076 genealogiis

139 1093 260 1122 eadem
282 1092 385 1131 plane
409 1096 524 1122 aetate
546 1090 703 1121 floruisse
729 1091 920 1129 eodemque
955 1089 1122 1129 temporis
1148 1090 1261 1129 spatio
1287 1091 1331 1120 ab
1355 1091 1498 1121 Adrasti
1533 1101 1608 1121 cum
1632 1091 1805 1122 Thebanis
1828 1092 1921 1122 bello

139 1146 323 1176 diiunctum
347 1145 452 1176 fuisse
476 1146 708 1176 ostendamus.
753 1144 781 1174 E
804 1144 923 1174 Proeti
947 1144 1098 1183 posteris
1120 1144 1264 1183 primum
1290 1144 1462 1184 Capancns
1484 1145 1565 1175 belli
1588 1145 1743 1175 Thebani
1767 1145 1921 1185 aequalis

139 1206 199 1231 est.
226 1200 320 1231 Inter
338 1200 526 1241 Capaneum
550 1210 634 1230 vero
655 1204 689 1230 et
711 1199 868 1228 Proetum
893 1200 981 1228 duae
1003 1198 1202 1229 interiectae
1226 1204 1303 1228 sunt
1319 1204 1463 1233 aetates,
1489 1199 1633 1229 duorum
1646 1199 1798 1229 virorum
1813 1199 1920 1229 nomi-

137 1255 236 1285 nibus
260 1255 457 1295 insignitae:
488 1253 665 1295 }lzpponoz'
686 1260 719 1284 et
741 1251 989 1294 illegapelll‘lll‘s.
1033 1252 1182 1282 Proetus
1207 1252 1359 1292 Capanei
1380 1259 1432 1284 est
1453 1263 1615 1293 proavos,
1638 1254 1657 1285 i.
1683 1264 1710 1284 e.
1734 1253 1789 1283 avi
1811 1259 1920 1293 pater.

138 1309 236 1340 Haec
267 1309 579 1348 antiquissimorum
615 1308 802 1338 carminum
837 1308 1013 1347 epicorum
1047 1308 1258 1346 computatio
1283 1307 1353 1346 fuit,
1385 1309 1479 1338 velut
1510 1308 1707 1343 Thebaidis,
1741 1309 1832 1339 unde
1860 1318 1923 1338 sua

137 1363 250 1393 hausit
274 1362 387 1394 Schol.
412 1364 456 1393 ad
471 1363 567 1393 Pincl.
585 1363 681 1393 Nem.
700 1362 764 1396 IX,
787 1372 819 1401 p.
837 1363 897 1392 494
921 1361 989 1391 init.
1012 1361 1152 1399 Προίτου
1177 1362 1400 1401 Μεγαπένθης,
1424 1362 1462 1393 οὗ
1483 1359 1660 1401 Ἱππόνους,
1685 1362 1722 1394 οὐ
1746 1363 1922 1400 Καπανεύς,

139 1417 176 1448 οὗ
200 1418 365 1455 Σθένελος.
410 1417 487 1447 Hoc
510 1422 653 1447 stemma
677 1416 704 1446 si
729 1426 804 1446 cum
827 1415 1092 1455 Melampodidis
1116 1416 1321 1452 conferatur,
1356 1417 1480 1456 singuli
1504 1417 1646 1456 singulis
1671 1417 1800 1456 optime
1822 1426 1919 1447 accu-

137 1472 374 1512 ratissimeque
397 1472 621 1511 respondent:
659 1470 810 1511 Capaneo
835 1469 1078 1510 Amphiaraus,
1110 1469 1287 1511 Hzpponoo
1314 1470 1432 1507 Oi‘cles,
1466 1470 1689 1511 illegapenllzz'
1708 1470 1920 1511 Anlz'plzates,

137 1524 253 1555 Hecto
276 1525 473 1566 illelamplts.

297 1655 325 1685 5.
369 1653 618 1694 Antiquissima
642 1654 760 1684 Proeti
782 1660 1000 1694 posterorum
1024 1653 1212 1684 stemmatis
1236 1652 1346 1682 forma
1375 1653 1476 1692 plane
1501 1652 1658 1692 congruit
1682 1662 1757 1682 cum

259 1708 593 1748 Melampodidarum
617 1714 806 1739 stemmate.
850 1708 1118 1738 Demonstratur
1140 1709 1205 1737 hoc
1232 1712 1382 1747 purgata
1405 1708 1449 1737 ab
1478 1706 1798 1746 interpolationibus

853 1762 959 1802 Iphiis
981 1762 1199 1802 genealogia.

287 1847 417 1882 Eadem
441 1852 529 1881 ratio
552 1852 645 1881 haud
669 1851 771 1881 dubie
806 1851 838 1880 in
862 1850 1105 1890 antiquissimis
1136 1850 1260 1880 fabulis
1291 1849 1565 1888 carminibusque
1593 1848 1697 1888 epicis
1720 1849 1753 1878 in
1776 1849 1919 1878 alteram

137 1913 275 1945 quoque
290 1905 529 1936 Proetidarum
553 1905 703 1944 stirpem,
727 1915 745 1935 e
762 1915 830 1944 qua
847 1903 951 1945 lphis,
977 1904 1127 1944 Capanei
1146 1904 1253 1935 frater
1270 1904 1448 1944 patruelis,
1472 1903 1608 1944 prodiit,
1633 1903 1789 1934 cadebat.
1823 1903 1917 1942 Iphis

138 1959 312 1989 Alectoris
333 1959 432 1995 filius,
455 1961 682 1999 potissumum
704 1959 889 1990 liberorum
913 1969 1051 1989 suorum
1075 1959 1260 1998 splendore
1284 1959 1396 1988 clarus
1420 1958 1530 1988 factus
1554 1963 1620 1988 est:
1650 1957 1823 1993 Evadnae‚
1857 1956 1917 1987 Ca-

138 2014 240 2054 panei
255 2014 383 2053 uxoris,
406 2024 495 2053 quae
520 2014 698 2053 exemplar
720 2014 822 2052 plane
847 2019 881 2044 et
904 2013 1077 2052 specimen
1101 2012 1163 2042 fuit
1179 2022 1331 2043 summae
1355 2012 1388 2042 in
1411 2012 1592 2051 coniugem
1614 2010 1702 2047 fidei,
1728 2015 1762 2040 et
1777 2010 1920 2049 Eteocli,

137 2068 236 2098 unius
270 2078 315 2098 ex
347 2074 479 2107 septem
513 2068 657 2098 ducibus
681 2073 804 2098 contea
828 2068 967 2098 Thebas
1002 2067 1143 2106 (Aesch.
1168 2066 1262 2106 Sept.
1285 2067 1368 2104 458).
1412 2066 1519 2106 Iphiis
1542 2076 1624 2096 sane
1649 2070 1793 2095 stemma
1819 2065 1852 2094 in
1875 2074 1917 2095 eo

137 2122 343 2159 testimonio,
377 2132 445 2162 quo
470 2123 545 2152 solo
570 2123 612 2152 de
635 2122 741 2161 Iphiis
765 2131 830 2152 avo
856 2127 999 2157 constat,
1024 2122 1116 2161 apud
1139 2122 1344 2152 Pausaniam
1369 2123 1397 2158 2,
1423 2122 1470 2156 18,
1492 2122 1520 2156 5,
1554 2130 1621 2150 non
1655 2119 1811 2158 congruit
1844 2128 1920 2148 cum

139 2177 291 2216 Capanei
324 2181 518 2213 stemmate;
553 2177 599 2207 ibi
634 2177 721 2207 enim
744 2176 850 2216 Iphiis
873 2186 967 2211 avos,
997 2176 1170 2207 Alectoris
1202 2182 1310 2216 pater⁷
1345 2186 1414 2206 non
1437 2174 1690 2215 Megapenthes
1721 2179 1782 2208 est,
1818 2183 1919 2212 quem

138 2241 239 2262 avom
264 2231 415 2270 Capanei
436 2231 545 2262 fuisse
567 2231 723 2269 vidimus,
749 2232 811 2261 sed
833 2231 1084 2271 Anaxagoran
1106 2231 1208 2262 Paus.
1227 2233 1254 2267 2,
1278 2232 1323 2266 18,
1345 2232 1363 2262 5
1385 2229 1466 2269 Ἶφις
1490 2231 1546 2268 μἐν
1568 2230 1629 2267 γὰρ
1650 2223 1838 2266 Ἀλέκτορος
1860 2229 1918 2258 τοῦ

135 2285 361 2323 Ἀναξαγόρου.
406 2284 477 2315 Sed
500 2285 690 2315 Pausanias
715 2295 759 2316 ex
784 2286 999 2324 interpolatis
1022 2286 1090 2316 iam
1113 2285 1263 2316 fontibus
1286 2285 1409 2320 hausit,
1433 2290 1470 2314 ut
1491 2289 1615 2324 postea
1638 2282 1829 2322 apparebit.
1875 2281 1919 2311 Et

139 2344 192 2370 est
216 2340 387 2379 quaedam
408 2339 464 2369 via
486 2340 587 2370 nobis
610 2345 732 2379 parata
755 2341 800 2370 ad
822 2349 941 2369 verum
964 2340 1214 2370 inveniendum.
1248 2339 1286 2369 In
1310 2339 1396 2378 ipsis
1421 2339 1508 2369 enim
1532 2337 1683 2368 fontibus
1706 2336 1920 2376 interpolatis

136 2394 261 2424 fratres
283 2398 361 2423 sunt
382 2392 526 2427 suasor,
547 2393 654 2433 Iphiis
677 2400 787 2433 pater,
811 2399 845 2424 et
866 2392 1077 2434 Hipponous,
1103 2393 1255 2433 Capanei
1276 2399 1391 2433 pater;
1429 2392 1541 2423 Schol.
1565 2391 1680 2430 Eurip.
1704 2391 1833 2421 Phoen.
1860 2390 1915 2421 181

138 2448 302 2486 Καπανεὺς
324 2448 490 2479 Ἱππονόου
514 2450 571 2479 τοῦ
592 2448 817 2487 Ἀναξαγόρου.
862 2447 918 2478 De
942 2448 1107 2478 Alectore
1129 2448 1221 2477 idem
1245 2453 1391 2478 testatur
1413 2448 1509 2477 locus
1532 2446 1634 2476 Paus.
1654 2447 1682 2481 2,
1702 2445 1749 2480 18,
1774 2445 1792 2474 5
1814 2444 1919 2474 modo

138 2502 272 2533 allatus.
308 2501 441 2532 Eodem
464 2502 573 2532 tendit
589 2502 788 2538 Pausanias,
813 2512 888 2532 cum
912 2501 1110 2542 Capaneum
1134 2506 1167 2532 et
1189 2502 1288 2542 Iphin
1311 2501 1436 2532 fratres
1458 2501 1634 2540 patrueles
1654 2505 1766 2534 vocat,
1790 2500 1818 2534 2,
1837 2499 1884 2534 18,
1901 2500 1920 2530 5
