2023 2891
972 203 989 233 9

93 303 318 334 fraternitatis
341 312 459 334 eorum
480 302 649 332 vinculum
673 308 741 331 tam
764 300 869 332 firmis
892 302 924 332 in
948 304 1113 334 memoria
1133 305 1306 335 hominum
1323 304 1496 335 radicibus
1511 305 1693 343 nitebatur,
1717 310 1753 334 ut
1770 305 1868 335 nullis

93 358 171 388 inde
187 357 351 388 machinis
368 356 467 387 evelli
482 362 610 396 posset.
648 355 775 385 Notum
801 365 883 386 sane
907 364 968 389 est.
993 359 1056 388 hos
1078 358 1203 389 fratres
1219 364 1316 388 tanta
1333 359 1421 389 inter
1438 368 1475 389 se
1498 359 1678 395 discordia,
1703 367 1868 401 tantoque

93 411 173 441 odio
190 411 357 441 animatos
379 410 493 442 fuisse.
517 416 553 440 ut
575 410 641 440 iam
664 409 695 440 in
720 410 838 440 matris
861 416 958 442 utero
980 412 1185 447 rixarentur,
1208 418 1245 443 ut
1268 413 1346 442 dum
1369 412 1468 442 bellis
1493 414 1660 444 continuis
1683 415 1770 445 alter
1786 417 1869 446 alte-

93 475 165 494 rum
178 465 432 505 adgrediuntur,
449 474 520 494 rem
537 463 750 494 utilissimam
768 470 801 494 et
819 465 1085 502 saluberrimam,
1110 467 1310 506 clypeorum
1333 467 1364 496 in
1381 467 1472 496 bello
1490 477 1587 497 usum
1604 468 1703 507 primi
1721 470 1868 500 omniurn

93 519 297 555 invenirent;
320 519 483 558 Apollod.
500 519 528 553 2,
545 519 574 553 2,
601 520 625 553 l,
649 519 666 548 2
690 518 779 550 οὗτοι
804 519 854 549 καὶ
877 520 956 550 κατὰ
977 521 1118 559 γαστρὸς
1136 522 1191 559 μὲν
1207 521 1252 552 ἔτι
1268 520 1360 559 ὄντες
1383 521 1576 553 ἐστασίαζον
1599 523 1680 561 πρὸς
1699 523 1868 563 ἀλλήλους,

94 574 139 611 ὡς
159 574 193 604 δὲ
217 573 454 611 ἀνετράφησαν,
476 573 546 610 περὶ
569 574 625 610 τῆς
649 573 811 611 βασιλείας
835 574 1022 611 ἐπολέμουν,
1044 575 1094 605 καὶ
1116 576 1332 613 πολεμοῦντες
1355 575 1450 613 εὗρον
1473 575 1610 615 ἀσπίδας
1635 579 1762 615 πρῶτοι.
1801 577 1871 609 Sed

94 627 146 657 his
169 626 252 666 ipsis
274 627 385 661 rebus,
414 636 502 665 quae
526 626 719 657 discordiae
743 627 987 657 acerbissimae
1011 628 1216 659 documenta
1240 634 1346 664 erant,
1378 629 1460 659 illud
1484 640 1644 661 maxume
1667 634 1870 672 comproba-

94 682 206 720 batur,
229 681 321 719 quod
344 680 377 710 in
391 686 608 711 stemmatum
625 680 882 720 comparatione
902 691 1108 712 summarum
1125 682 1366 713 difficultatum
1383 694 1505 714 caussa
1522 695 1599 715 esse
1615 686 1748 716 debuit:
1775 693 1871 717 erant

95 735 142 765 illi
165 734 289 765 fratres
311 735 448 774 gemini,
471 741 591 765 neuter
614 745 634 764 a
656 742 778 765 neutro
803 736 998 766 solvendus.
1043 735 1113 767 Sed
1135 737 1200 767 hac
1222 737 1299 776 ipsa
1322 747 1368 773 re,
1399 739 1491 777 quod
1514 738 1637 769 Acrisii
1674 739 1780 770 frater
1810 751 1870 781 ge-

94 789 214 819 mellus
238 795 320 825 erat,
342 789 446 819 miser
468 789 524 818 ille
549 788 695 819 Proetus
718 794 881 828 tanquam
916 790 1002 820 alter
1035 789 1173 829 quidam
1196 791 1339 821 Mettius
1365 792 1444 822 olim
1467 792 1635 823 Fuffetius
1660 792 1693 823 in
1718 794 1871 825 diversas

94 842 255 882 regiones
279 842 542 873 distrahebatur.
579 843 666 872 Nam
691 836 779 872 idem
804 843 861 873 ille
884 843 1030 873 Proetus
1053 843 1178 874 Acrisii
1202 843 1308 874 frater
1329 845 1361 874 in
1387 850 1566 876 stemmate
1588 852 1804 885 posterorum
1827 850 1871 879 ab

95 896 170 935 ipso
194 896 412 926 oriundorum
435 897 547 926 locum
570 897 674 936 longe
697 896 893 927 inferiorem
919 897 1105 928 obtinebat.
1149 897 1297 928 Proetus
1322 898 1409 929 enim
1432 899 1537 939 Iphiis
1561 905 1594 930 et
1617 900 1768 940 Capanei
1793 912 1871 942 pro-

94 959 179 979 avos
211 955 374 988 quattuor
400 956 532 980 tanturn
569 950 740 981 aetatibus
762 961 782 980 a
804 951 898 981 bello
922 950 1065 981 Adrasti
1100 958 1218 982 contra
1241 953 1380 983 Thebas
1412 954 1530 988 distat;
1565 954 1712 985 Proetus
1746 955 1870 987 Acrisii

96 1002 202 1034 frater
224 1005 267 1033 ab
292 1005 415 1034 eodem
438 1005 582 1035 termino
606 1014 669 1035 sex
692 1005 873 1035 aetatibus.
909 1005 1009 1036 Prior
1029 1006 1085 1036 ille
1101 1006 1248 1037 Proetus
1271 1008 1507 1038 nonnullorum
1531 1019 1549 1038 e
1573 1014 1704 1048 septem
1730 1011 1871 1041 ducibus

94 1067 246 1096 proavos
269 1065 330 1093 est,
353 1059 524 1098 posterior
548 1059 604 1088 ille
627 1060 813 1090 eorundem
837 1065 967 1091 atavos.
1011 1060 1049 1089 In
1072 1061 1175 1091 rebus
1199 1067 1268 1091 tam
1293 1062 1485 1101 desperatis
1509 1063 1553 1092 ad
1578 1064 1765 1094 remedium
1789 1075 1871 1104 quo-

94 1122 161 1151 que
176 1113 350 1142 hominum
368 1113 621 1152 desperantium
640 1113 905 1153 confugiendum
932 1120 1020 1144 erat:
1046 1115 1090 1144 ad
1113 1114 1280 1145 famosum
1302 1116 1394 1145 illum
1417 1115 1622 1147 Procrustae
1645 1117 1779 1152 lectum,
1804 1129 1872 1158 quo

95 1175 199 1205 saepe
221 1175 290 1196 non
314 1167 385 1197 sine
408 1167 532 1206 aliqua,
567 1167 699 1207 opinor,
734 1177 795 1197 sua
829 1168 1058 1199 delectatione
1088 1170 1365 1209 anagrapharum
1401 1169 1611 1201 Graecarum
1645 1171 1871 1204 fabricatores

95 1219 146 1250 usi
170 1226 254 1250 sunt.
299 1220 446 1250 Nomina
468 1227 519 1251 tot
540 1231 661 1261 regum
686 1227 770 1261 quot
793 1231 880 1261 opus
901 1228 982 1257 erat,
1007 1229 1169 1262 prompto
1193 1223 1330 1263 ingenio
1355 1223 1602 1260 confinxerunt,
1624 1225 1705 1256 ficta
1725 1226 1757 1256 in
1782 1227 1871 1257 lacu-

94 1283 172 1303 nam
195 1274 411 1306 intruserunt.
455 1275 562 1305 Ratio
586 1275 699 1315 igitur,
734 1285 802 1315 qua
825 1275 1065 1306 Proetidarum
1089 1277 1259 1307 stemmati
1282 1283 1352 1308 tum
1377 1288 1573 1309 succursum
1597 1286 1658 1314 est,
1689 1281 1775 1311 haec
1798 1281 1870 1316 fuit,

95 1335 131 1357 ut
151 1334 230 1368 post
254 1328 522 1369 Megapenthem
546 1331 689 1361 duorum
715 1340 846 1371 regum,
879 1330 991 1371 Arga
1011 1330 1082 1361 sive
1105 1330 1201 1372 Argi
1235 1334 1325 1369 (nam
1349 1338 1495 1372 utraque
1518 1332 1629 1363 forma
1648 1335 1804 1374 occurrit)
1838 1341 1872 1366 et

96 1382 335 1423 Anaxagorae,
357 1384 495 1413 nomina
517 1384 755 1416 insererentur.

242 1437 314 1467 Iam
337 1438 442 1478 igitur
465 1439 531 1469 duo
555 1441 797 1478 phantasmata
818 1442 1000 1480 prodeunt,
1029 1442 1117 1472 duae
1136 1442 1214 1473 illae
1237 1443 1380 1473 umbrae
1403 1453 1532 1483 regum,
1569 1446 1803 1475 tantummodo
1828 1447 1872 1476 ad

95 1491 205 1521 locum
228 1501 373 1521 vacuum
397 1493 604 1532 explendum
627 1494 660 1524 in
683 1495 794 1525 lucem
818 1495 898 1526 solis
921 1501 1129 1535 protractae,
1155 1497 1276 1536 quibus
1300 1503 1445 1527 stemma
1461 1497 1699 1528 Proetidarum
1722 1499 1871 1540 locuple-

95 1550 195 1576 tatur.
240 1545 438 1577 Collocatae
462 1554 575 1578 autem
604 1554 680 1579 sunt
703 1555 783 1589 post
806 1549 1088 1589 Megapenthem.
1133 1550 1250 1590 Atque
1281 1552 1391 1581 honos
1415 1552 1516 1582 etiam
1551 1553 1648 1583 alteri
1682 1554 1803 1584 saltem
1828 1564 1871 1584 ex

78 1599 251 1631 ,inanibus
273 1600 337 1631 illis
360 1602 505 1640 spectris
527 1603 663 1633 habitus
687 1610 746 1634 est.
791 1604 878 1634 Nam
901 1604 1136 1645 Anaxagoras
1159 1605 1224 1639 ille,
1249 1606 1359 1645 Argei
1383 1606 1510 1636 scilicet
1532 1605 1628 1642 filius,
1664 1617 1726 1646 pro
1751 1607 1871 1648 Mega-

96 1653 223 1691 penthe
245 1661 344 1693 pater
367 1654 477 1685 factus
499 1662 551 1686 est
574 1656 836 1688 clarissimorum
858 1657 1006 1688 filiorum
1030 1657 1196 1688 Ala-claris
1220 1665 1252 1689 et
1276 1658 1458 1699 Hzfpmmi,
1483 1670 1625 1699 quorum
1649 1662 1786 1700 saepius
1805 1662 1871 1692 iam

96 1708 377 1739 nominandorum
404 1719 524 1740 caussa
546 1711 646 1741 nobis
668 1710 805 1741 fuerunt
840 1722 957 1742 eorum
985 1722 1101 1743 rursus
1123 1711 1181 1742 filii
1203 1712 1378 1743 fortissimi
1403 1712 1496 1753 [plzz's
1518 1719 1551 1743 et
1576 1714 1756 1754 Capaneus.
1802 1715 1871 1746 Sed

97 1761 126 1791 in
152 1772 193 1792 ea
216 1772 253 1792 re
275 1773 341 1792 non
367 1763 517 1793 substitit
539 1765 650 1795 honor
665 1765 903 1805 Anaxagorae
928 1766 1074 1806 habitus,
1097 1767 1200 1797 immo
1223 1767 1361 1807 longius
1384 1777 1583 1807 processum
1607 1774 1671 1799 est:
1695 1779 1772 1799 nam
1797 1780 1872 1800 curn

96 1816 175 1846 olim
199 1817 388 1847 stemmatis
412 1827 431 1847 a
455 1818 580 1849 Proeto
603 1820 740 1850 deducti
763 1821 887 1850 heroes
902 1820 1086 1851 Proetidae
1109 1822 1376 1861 appellarentur,
1401 1822 1467 1852 iam
1491 1822 1530 1855 ei.
1554 1823 1610 1861 qui
1633 1830 1714 1862 post
1731 1823 1873 1854 Anaxa-

95 1881 217 1911 goram
241 1872 482 1911 sequebantur,
518 1872 791 1913 Anaxagoridae
815 1874 879 1905 dici
917 1875 1030 1914 coepti
1054 1881 1139 1906 sunt.
1184 1875 1259 1905 Non
1296 1876 1413 1906 inutile
1447 1875 1547 1906 fuerit
1585 1883 1691 1908 testes
1727 1877 1872 1909 adferre.

96 1925 208 1956 Schol.
232 1925 327 1956 Pind.
353 1926 446 1956 Nem.
469 1926 533 1965 IX,
555 1937 588 1966 p.
611 1928 672 1958 494
695 1928 762 1958 init.
787 1930 938 1965 γενέσθαι
961 1930 1018 1967 τὴν
1042 1929 1122 1967 ὅλην
1146 1931 1310 1968 βασιλείαν
1336 1934 1473 1969 τριμερῆ,
1502 1931 1758 1970 Μελαμποδίδας,
1784 1933 1873 1964 Βιαν-

96 1979 192 2017 τίδας,
214 1979 396 2018 Προιτίδας.
432 1980 560 2011 Contra
580 1982 749 2012 noviciam
772 1983 940 2013 rationem
964 1984 1118 2022 sequitur
1139 1984 1328 2014 Pausanias
1351 1986 1379 2018 2.
1396 1985 1442 2020 18,
1456 1986 1474 2015 5
1497 1986 1534 2016 τὸ
1550 1986 1584 2016 δὲ
1602 1986 1755 2024 ἐγχώριον
1778 1987 1873 2025 γένος

96 2033 125 2063 οἱ
148 2033 390 2072 Ἀναξαγορίδαι
414 2035 618 2072 βασιλεύουσι
641 2037 748 2068 πλέον.
782 2037 925 2067 Plenum
949 2037 1051 2076 igitur
1074 2043 1107 2067 et
1130 2038 1300 2078 integrum
1334 2045 1552 2078 posterorum
1587 2039 1705 2070 Proeti
1728 2046 1873 2071 stemma

97 2086 162 2117 iam
186 2088 252 2118 hoc
275 2095 340 2119 est:
364 2087 512 2124 Proetus,
538 2089 782 2130 illegapenllze&
809 2092 955 2132 Argeas,
981 2092 1220 2132 Anaxagoras,
1244 2092 1386 2127 illi-clm,
1410 2092 1511 2133 lphis,
1534 2093 1701 2125 Eteocles:
1733 2104 1797 2134 pro
1821 2094 1873 2124 his

96 2141 204 2172 tribus
224 2144 408 2182 postremis
430 2145 463 2174 in
487 2145 595 2175 altera
619 2145 707 2175 linea
730 2146 880 2185 ponendi
904 2152 981 2176 sunt
1013 2146 1222 2187 Hipponous,
1249 2146 1431 2187 Capaneus,
1454 2146 1639 2178 Sthenelus.
1686 2147 1873 2179 Confirmat

97 2195 161 2225 hoc
194 2195 389 2228 Scholiasta
423 2199 467 2228 ad
501 2198 614 2238 Eurip.
640 2199 768 2230 Phoen.
792 2211 821 2231 v.
849 2201 903 2231 181
943 2201 1108 2239 Καπανεὺς
1128 2200 1297 2233 Ἱππονόου
1321 2203 1378 2233 τοῦ
1402 2198 1619 2240 Ἀναξαγόρου
1645 2205 1703 2234 τοῦ
1727 2203 1871 2241 Ἀργείου

97 2251 153 2281 τοῦ
176 2250 407 2291 Μεγαπένθους
430 2255 487 2284 τοῦ
508 2253 649 2291 Προίτου
672 2255 729 2285 τοῦ
750 2253 913 2293 Ἄβαντος
936 2256 992 2285 τοῦ
1018 2255 1176 2293 Λυγκέως.
1220 2255 1382 2285 Eiusdem
1418 2256 1606 2287 stemmatis
1628 2262 1762 2296 partem
1786 2257 1871 2288 Pau-

98 2305 209 2335 sanias
228 2306 334 2336 habet
357 2308 385 2347 2,
404 2308 450 2342 18,
467 2309 485 2338 4
509 2308 559 2338 ἐπὶ
581 2309 642 2346 γὰρ
664 2310 720 2347 τῆς
743 2307 842 2347 ἀρχῆς
866 2309 1082 2347 Ἀναξαγόρου
1105 2311 1163 2340 τοῦ
1184 2309 1306 2348 Ἄργου
1329 2312 1386 2341 τοῦ
1411 2310 1650 2349 Μεγαπένθους.
1675 2311 1764 2342 conf.
1790 2312 1872 2342 Dio-

98 2360 219 2389 dorum
242 2361 270 2399 4,
293 2361 341 2395 68,
365 2362 394 2400 4,
418 2362 508 2401 apud
533 2371 632 2401 quem
657 2362 764 2402 Argei
790 2373 849 2393 seu
873 2362 962 2402 Argi
986 2373 1109 2393 nomen
1134 2364 1245 2394 deest:
1270 2365 1356 2402 παρὰ
1378 2366 1435 2395 τοῦ
1459 2365 1616 2403 βασιλέως
1638 2367 1702 2396 τῶν
1719 2361 1872 2403 Ἀργείων

97 2415 154 2445 τοῦ
175 2414 394 2453 Ἀναξαγόρου
416 2418 472 2447 τοῦ
493 2416 733 2455 Μεγαπένθους.
