2023 2891
989 203 1025 233 18

120 303 290 340 Πολύιδον,
313 312 401 342 quae
424 300 571 332 occurrit
593 300 629 331 Il.
652 311 676 336 ε,
704 302 760 332 148
785 306 818 332 et
839 312 866 337 v,
891 302 960 341 666,
994 303 1192 339 substituasy
1223 304 1288 335 hoc
1310 305 1448 345 longius
1471 315 1491 334 a
1513 306 1640 336 tradita
1661 307 1694 337 in
1716 306 1897 348 Odysseae

119 358 196 388 loco
220 356 328 387 forma
350 354 489 389 recedit,
524 363 626 393 quam
646 359 683 384 ut
704 354 843 394 placere
865 355 989 394 possit;
1021 356 1072 386 sin
1096 357 1278 390 Πολυείδεα
1302 359 1575 390 substituendum
1598 370 1748 401 censeas,
1780 362 1897 392 obstat

120 411 214 451 quod
231 410 409 447 Πολυείδης
429 418 553 438 nomen
567 408 744 448 proprium
767 408 1049 440 “Multiformem”
1073 410 1199 448 potius,
1225 421 1326 451 quam
1350 412 1596 444 “Multiscium’⁷
1621 413 1805 454 significat;
1827 425 1895 455 qua

120 466 163 496 de
186 475 222 495 re
245 463 510 494 accuratissume
529 462 691 502 exposuit
714 462 910 493 Lobeckius
933 463 965 493 in
988 462 1236 503 Aglaophamo
1260 475 1292 505 p.
1316 467 1376 497 266
1398 472 1466 497 not.
1482 467 1514 498 k.
1543 466 1776 507 Quamobrem
1791 469 1894 510 Poly-

119 520 250 560 phides‚
284 517 403 548 Mantii
437 516 534 552 filius,
568 516 815 556 Theoclymeni
846 522 946 556 pater
979 517 1011 547 in
1045 517 1226 558 Odysseae
1260 520 1334 550 loco
1371 521 1412 559 (0,
1446 522 1623 560 249—255)
1658 522 1895 554 sollicitandus

118 583 187 605 non
210 577 270 603 est.

221 699 265 729 18.
309 697 391 727 Tria
413 696 551 726 nomina
572 705 694 736 regum
717 694 846 731 Inachi,
870 695 1015 737 Pelasgi,
1040 695 1232 737 Polypln'dz's
1256 698 1462 728 documento
1487 703 1564 728 sunt
1587 704 1621 729 et
1641 699 1796 730 eruditae

261 761 399 791 operae,
422 760 524 790 quarn
546 749 806 790 antiquitatibus
829 749 998 790 Sicyoniis
1020 750 1210 782 Clisthenes
1231 751 1380 786 navavit,
1406 756 1440 782 et
1462 753 1616 783 acerrimi
1639 753 1752 789 studii,

367 815 434 845 quo
459 803 639 844 Sicyonios
661 804 873 844 Argivorum
896 804 994 835 nodis
1018 811 1052 835 et
1074 806 1204 845 laqueis
1225 806 1388 836 exolvere
1412 812 1554 838 conatus
1577 812 1638 839 est.

264 895 337 924 Iam
357 903 441 924 vero
462 893 516 923 his
549 892 597 923 ita
619 893 778 924 stabilitis
810 893 854 922 ad
889 892 1072 923 Clisthenis
1107 893 1337 933 Polyphidem
1371 894 1582 925 redeundum
1615 900 1676 927 est.
1720 895 1840 926 Posuit
1862 896 1895 926 in

118 949 320 989 anagrapha
343 958 404 978 sua
426 947 657 987 Polyphidem
680 947 788 987 (cuius
810 957 935 978 nomen
958 947 1124 979 λαοσσόον
1147 947 1326 988 significat,
1361 954 1397 979 ut
1420 959 1497 979 cum
1518 948 1672 980 Homero
1695 950 1760 981 Od.
1784 960 1811 986 ο,
1834 951 1894 981 244

117 1005 305 1044 loquamur,
329 1001 387 1042 qui
410 1001 457 1031 ita
479 1001 730 1041 Amphiaraum
754 1001 921 1041 appellat:
957 1001 1123 1032 λαοσσόον
1146 1001 1355 1041 Ἀμφιάραον)
1390 1001 1582 1033 Clisthenes
1603 1008 1683 1043 post
1704 1002 1895 1034 Adrastum

117 1064 151 1089 et
174 1062 253 1088 ante
276 1057 473 1096 Pelasgum,
496 1056 529 1086 in
553 1060 628 1086 toto
651 1065 772 1096 regum
795 1055 905 1086 indice
927 1061 965 1086 ut
986 1055 1185 1086 vicesimum
1207 1061 1375 1095 quartum.
1419 1056 1589 1087 Attribuit
1612 1057 1643 1088 ei
1664 1067 1771 1088 annos
1795 1057 1895 1097 regni

116 1113 170 1147 31;
193 1111 272 1142 Eus.
298 1110 421 1142 Chron.
445 1110 511 1141 vol.
537 1109 561 1145 Ι,
586 1120 618 1149 p.
642 1110 701 1141 176
724 1109 870 1148 εἰκοστὸς
892 1109 1044 1148 τέταρτος
1067 1110 1275 1149 Πολυφεὶοης
1298 1111 1354 1149 λα’,
1379 1110 1465 1141 conf.
1489 1110 1568 1142 Eus.
1589 1111 1654 1142 vol.
1673 1111 1715 1148 Π,
1738 1122 1770 1152 p.
1787 1112 1836 1143 50.
1854 1113 1892 1143 51

117 1172 150 1197 et
176 1166 277 1206 Sync.
300 1175 332 1205 p.
356 1165 425 1196 280.
469 1164 542 1194 Iam
565 1164 593 1194 si
614 1164 689 1204 quis
712 1169 865 1204 quaerat,
888 1175 949 1195 cur
971 1164 1200 1204 Polyphidem
1223 1165 1326 1200 illum,
1360 1165 1418 1204 qui
1447 1164 1556 1205 patris
1589 1165 1669 1196 odio
1704 1171 1894 1196 commotus

117 1222 161 1252 ab
184 1219 291 1260 Argis
314 1219 427 1260 patria
456 1218 658 1254 desciverat,
692 1219 724 1248 in
747 1229 868 1258 regum
892 1218 1130 1258 Sicyoniorum
1155 1219 1300 1249 indicem
1325 1219 1517 1250 Clisthenes
1539 1219 1717 1259 receperit,
1751 1230 1893 1260 respon—

118 1276 267 1306 dendum
291 1279 352 1310 est,
377 1284 454 1304 eum
476 1273 510 1303 id
535 1273 584 1303 ita
608 1272 742 1309 fecisse,
765 1278 801 1303 ut
824 1274 1037 1304 stomachum
1059 1278 1093 1304 et
1114 1273 1219 1304 bilem
1235 1273 1378 1313 Argivis
1402 1283 1587 1313 eorumque
1604 1272 1754 1314 Sicyone
1777 1274 1894 1305 amicis

117 1334 272 1360 moveret
306 1333 341 1359 et
375 1333 411 1358 ut
442 1338 512 1363 eos,
546 1337 631 1367 quos
664 1327 809 1358 immane
833 1332 998 1367 quantum
1030 1327 1169 1367 odisset,
1205 1337 1281 1358 curn
1315 1332 1513 1366 contemptu
1543 1327 1768 1360 conculcaret.
1811 1328 1894 1358 Erat

118 1385 206 1416 enirn
229 1383 297 1414 tale
320 1382 467 1413 hominis
490 1381 674 1422 ingenium,
696 1386 733 1412 ut
756 1386 918 1421 quantum
940 1381 1068 1412 viribus
1090 1386 1220 1421 posset,
1244 1381 1451 1412 adversariis
1468 1391 1574 1421 aegre
1589 1381 1729 1413 faceret.
1766 1381 1895 1412 Narrat

117 1438 255 1478 quidem
278 1437 459 1473 Homerus,
483 1436 713 1476 Polyphidem
734 1435 966 1476 Hyperesiam
986 1435 1242 1475 commigrasse,
1267 1445 1355 1475 quae
1380 1434 1513 1475 Aegira
1534 1441 1658 1475 postea
1680 1441 1807 1467 vocata
1826 1441 1893 1472 est;

115 1494 178 1524 sed
201 1493 273 1523 sine
298 1501 425 1531 magno
447 1491 589 1531 negotio
614 1490 808 1522 Clisthenos
830 1491 897 1521 hoc
920 1490 1056 1521 efficere
1078 1489 1199 1530 potuit,
1230 1495 1268 1520 ut
1290 1489 1460 1530 Sicyoniis
1482 1500 1620 1530 quoque
1643 1489 1768 1520 fabulis
1790 1489 1894 1530 Poly-

115 1547 237 1587 phides
259 1546 515 1576 immisceretur.
549 1545 639 1576 Fieri
661 1545 780 1585 possit,
802 1550 839 1576 ut
861 1545 918 1585 qui
934 1545 1193 1584 contempletur,
1216 1555 1305 1584 quae
1322 1545 1365 1574 de
1387 1544 1520 1580 Inacho,
1543 1544 1692 1585 Pelasgo,
1714 1543 1893 1585 Poljplzz'de

117 1600 373 1640 disputavimus,
407 1600 545 1630 nimium
567 1600 600 1630 in
622 1599 769 1630 minutiis
801 1599 993 1630 scrutandis
1017 1609 1079 1629 nos
1102 1598 1255 1629 curiosos
1283 1598 1387 1629 fuisse
1419 1598 1622 1629 criminetur.
1666 1597 1893 1628 Nihilominus

116 1665 243 1695 operae
264 1654 411 1694 pretium
435 1654 540 1684 fuisse
562 1654 648 1684 haec
671 1653 871 1693 investigari
906 1653 1118 1683 crediderim.
1162 1652 1336 1692 Apparuit
1358 1652 1447 1682 enim
1470 1652 1558 1690 inde,
1594 1662 1661 1692 qua
1691 1652 1893 1688 constantia,

115 1709 239 1749 quibus
262 1709 435 1744 machinis,
469 1709 591 1748 quibus
615 1708 717 1739 etiam
740 1708 918 1739 doctrinae
942 1712 976 1738 et
1001 1707 1155 1738 eruditae
1179 1706 1400 1746 supellectilis
1423 1706 1584 1737 subsidiis
1620 1706 1803 1737 instructus
1828 1706 1892 1737 Cli-

117 1765 257 1795 sthenes
278 1764 344 1794 hoc
366 1763 457 1794 vitae
480 1773 562 1793 suae
585 1763 798 1803 propositum
820 1767 1022 1803 persecutus
1044 1761 1097 1797 sit,
1126 1766 1163 1791 ut
1187 1771 1231 1791 ex
1254 1760 1397 1801 legitimi
1421 1760 1520 1801 regni
1541 1760 1762 1801 possessione
1779 1760 1892 1791 Adra-

117 1823 206 1848 stum
230 1818 439 1850 deturbaret.
484 1817 602 1856 Atque
625 1817 658 1847 in
681 1817 807 1847 talibus
841 1817 931 1851 viris,
963 1816 1072 1856 qualis
1094 1815 1156 1846 fuit
1181 1815 1371 1846 Clisthenes
1397 1815 1641 1856 Orfflagorida,
1673 1825 1741 1845 non
1760 1819 1892 1846 tantum

116 1871 334 1911 negotiorum
352 1876 385 1901 et
401 1881 512 1901 rerum
529 1871 666 1910 publice
682 1876 869 1910 gestarum,
891 1871 953 1901 sed
977 1870 1103 1909 privati
1126 1869 1227 1900 etiam
1248 1869 1308 1899 otii
1328 1869 1416 1899 ratio
1431 1874 1591 1900 constare
1615 1869 1728 1900 debet.

230 2041 276 2071 19.
323 2040 492 2071 Pindarus
516 2042 691 2081 quomodo
714 2041 902 2072 Adrastum
926 2052 970 2071 ex
993 2041 1179 2072 factionum
1202 2041 1311 2072 turbis
1334 2047 1367 2072 et
1391 2041 1536 2081 strepitu
1558 2041 1591 2071 in
1613 2040 1771 2071 altiorem

375 2095 557 2126 stationem
583 2096 753 2127 extulerit.
797 2096 835 2126 In
858 2096 1020 2127 heroibus
1043 2107 1064 2127 a
1086 2107 1217 2128 summa
1244 2097 1369 2128 virtute
1393 2098 1515 2137 culpae
1535 2097 1629 2127 notio

876 2151 1125 2190 inseparabilis.

264 2250 328 2280 His
341 2250 506 2287 omnibus,
530 2261 617 2290 quae
633 2261 653 2281 a
669 2250 766 2281 nobis
783 2251 942 2290 exposita
959 2256 1044 2287 sunt,
1061 2251 1240 2291 suppletur
1256 2250 1426 2282 Herodoti
1441 2252 1468 2289 5,
1482 2251 1521 2282 67
1536 2250 1697 2288 narratio,
1722 2260 1790 2290 qua
1805 2260 1889 2290 quo-

118 2304 221 2335 modo
238 2304 429 2335 Clisthenes
445 2304 589 2336 Adrasti
612 2306 704 2345 apud
719 2305 900 2345 Sicyonios
923 2305 1162 2336 auctoritatem
1186 2310 1220 2335 et
1236 2305 1436 2336 memoriam
1450 2304 1636 2344 infringere
1653 2309 1687 2335 et
1702 2305 1889 2336 obscurare

119 2358 295 2396 studuerit,
320 2359 469 2389 tradidit.
506 2359 597 2390 Nihil
619 2359 776 2399 profecto
794 2359 984 2391 Clisthenes
1005 2359 1195 2394 intermisit,
1219 2364 1256 2389 ut
1279 2370 1323 2390 ex
1346 2359 1501 2399 legitima
1515 2363 1595 2398 post
1610 2358 1782 2399 Polybum
1806 2359 1889 2390 sede

118 2413 307 2443 Adrastum
335 2414 534 2444 extruderet
563 2419 597 2444 et
621 2419 658 2444 ut
677 2413 803 2444 famam
829 2414 921 2443 illam
951 2419 1114 2449 veterem,
1148 2423 1216 2453 qua
1243 2412 1416 2444 Adrastus
1442 2413 1567 2453 Polybi
1599 2423 1644 2444 ex
1677 2412 1748 2443 filia
1779 2423 1888 2454 nepos

116 2466 261 2505 (Herod.
284 2467 312 2507 5,
336 2467 374 2497 67
397 2467 437 2505 ἦν
453 2468 603 2507 Πολύβου
619 2468 847 2507 θυγατριδέος),
870 2467 925 2498 vel
948 2477 1015 2497 una
1030 2467 1133 2498 etiam
1148 2477 1257 2508 gener
1271 2467 1366 2505 (Sch.
1382 2467 1480 2498 Pind.
1496 2477 1528 2507 p.
1544 2467 1605 2498 494
1623 2467 1694 2499 init.
1709 2467 1889 2506 Ἄδραστον

118 2522 214 2559 γῆμαι
237 2521 295 2559 τὴν
316 2521 465 2560 Πολύβου
486 2522 657 2560 Θυγατὲρα)
681 2521 868 2557 dicebatur,
897 2531 1040 2561 prorsus
1069 2521 1252 2552 refelleret.
1297 2522 1383 2552 Post
1405 2520 1717 2562 Orthagoridarum
1748 2531 1890 2561 regnum
