2023 2891
1041 165 1059 195 8

157 266 190 296 in
210 266 335 296 lectum
362 264 602 305 alligabantur,
636 273 794 304 quaeque
816 265 908 294 haud
940 265 1022 295 satis
1046 266 1162 304 ampla
1184 271 1219 296 et
1241 267 1481 297 convenientia
1502 267 1712 304 viderentur,
1749 270 1943 308 torquendo

159 323 193 350 et
216 319 440 349 distrahendo
468 319 745 358 porrigebantur.
789 318 866 348 Hoc
898 318 1076 349 artificium
1109 321 1285 359 quomodo
1318 321 1474 351 adhiberi
1510 321 1645 351 solitum
1683 322 1735 357 sit,
1769 323 1802 352 in
1824 322 1942 354 Proeti

157 378 374 413 posterorum
395 377 577 403 stemmate
600 372 729 412 optime
751 373 959 402 demonstari
982 373 1116 412 poterit.
1152 373 1263 413 Ipsius
1287 375 1375 405 enim
1393 375 1551 406 Herculis
1568 381 1665 406 aetas
1688 376 1721 406 in
1744 376 1940 407 universum

157 427 249 457 bello
273 431 406 467 septem
428 427 572 457 heroum
595 427 761 457 adversus
785 426 924 457 Thebas
956 427 1110 466 aequalis
1141 428 1279 467 ponitur
1310 430 1365 459 vel
1388 430 1502 468 paullo
1527 430 1630 460 etiam
1653 430 1816 469 superior.
1861 430 1939 461 Hoc

159 491 236 512 cum
260 481 334 511 aliis
356 481 470 511 multis
492 481 632 516 indiciis,
657 486 728 511 tum
752 481 830 511 inde
853 481 1061 520 planissume
1084 487 1190 521 patet,
1219 483 1311 522 quod
1336 482 1463 519 Oi‘cles,
1485 483 1690 523 Amphiarai
1713 490 1822 523 pater,
1855 484 1942 515 Her—

159 536 244 566 culis
259 536 292 566 in
308 535 412 566 Troia
435 536 668 575 expugnanda
691 534 802 565 socius
826 540 878 565 est
900 534 1084 566 fidissimus
1108 541 1141 566 et
1164 537 1369 572 notissimus,
1394 537 1481 568 conf.
1498 538 1600 568 Diod.
1614 540 1642 574 4,
1657 539 1705 574 32,
1720 540 1752 575 ὃς
1775 539 1940 578 Apollod.

158 591 187 626 2,
211 590 239 625 6,
263 591 291 627 4,
317 591 343 621 1.
400 589 569 620 Hercules
603 588 706 629 igitur
738 599 782 619 ex
819 589 884 620 hae
915 590 1172 629 computatione
1205 591 1359 631 aequalis
1398 592 1624 631 potissumum
1663 598 1715 623 est
1747 592 1850 632 Iphii,
1885 593 1942 633 qui

159 650 194 675 et
218 643 370 684 Capanei
404 649 456 675 est
486 643 592 674 frater
624 643 790 683 patruelis
822 649 904 674 natu
938 644 1046 674 maior
1071 650 1104 675 et
1139 649 1239 684 pater
1262 645 1405 685 Eteocli‚
1438 646 1495 685 qui
1526 647 1619 677 bello
1655 652 1787 686 septem
1819 648 1941 678 ducum

156 697 316 729 interfuit.

245 820 271 850 7.
315 820 484 851 Hercules
506 830 582 850 cum
601 819 764 859 prosapia
786 819 819 849 in
844 819 1096 850 Abantidarum
1121 824 1265 849 stemma
1288 823 1446 858 receptus
1470 819 1585 849 subito
1608 818 1781 850 Acrisium
1804 820 1849 850 ad

354 875 468 905 locum
490 874 523 904 in
547 880 727 904 stemmate
749 875 854 913 longe
877 883 929 908 eo,
956 883 1057 913 quem
1082 879 1183 903 antea
1205 874 1384 907 habuerat,
1415 873 1594 904 celsiorem
1619 873 1743 905 evexit.

306 962 378 992 Iam
402 962 516 992 statim
539 961 731 1001 apparebit,
756 961 1043 1000 quemadmodum
1060 961 1220 992 Herculis
1236 961 1513 1000 splendidissima
1536 962 1699 1002 prosapia
1722 963 1753 992 in
1778 963 1940 1002 antiquis-

158 1027 289 1047 sumum
306 1016 432 1047 Acrisii
453 1015 602 1046 Abantis
624 1015 683 1045 filii
707 1021 851 1046 stemma
874 1021 1014 1055 recepta
1036 1021 1191 1046 veterum
1209 1015 1420 1055 Argivorum
1443 1026 1565 1056 regum
1582 1018 1818 1056 anagrapharn
1838 1017 1942 1048 nimia

156 1071 246 1101 mole
259 1070 412 1100 obruerit
436 1075 470 1100 et
489 1070 662 1109 diruperit.
692 1069 969 1100 Recordabimur
984 1070 1141 1109 primum,
1164 1070 1328 1100 Proetum
1345 1070 1471 1100 Acrisii
1484 1070 1626 1101 fratrem
1649 1072 1692 1101 ab
1715 1071 1821 1111 Iphie,
1845 1072 1941 1103 item-

156 1135 223 1165 que
244 1126 288 1155 ab
313 1124 473 1164 Capaneo
497 1134 630 1154 sursum
655 1134 775 1154 versus
800 1130 958 1163 quartum
983 1124 1100 1158 fuisse;
1136 1135 1212 1154 nam
1240 1125 1288 1154 ita
1311 1134 1417 1164 supra
1440 1135 1460 1155 a
1482 1125 1581 1155 nobis
1605 1125 1693 1156 ratio
1717 1127 1853 1156 reddita
1875 1132 1941 1162 est;

155 1180 420 1209 numerabamus
447 1178 557 1219 Iphin,
588 1178 782 1219 illectorem,
810 1178 1076 1219 illegczpevlllzenz,
1106 1178 1285 1213 Proctnm;
1317 1179 1467 1219 itemque
1492 1179 1691 1219 Capancmn,
1714 1179 1942 1221 Hipponoum,

156 1233 421 1274 Λίεὲαρεηίῆευι,
444 1233 613 1264 Proetum.
647 1233 719 1263 Iam
737 1233 764 1264 si
787 1235 909 1264 eadem
933 1235 1035 1273 plane
1058 1235 1201 1273 ratione,
1225 1239 1262 1264 ut
1285 1234 1329 1264 ab
1352 1234 1450 1273 Iphie
1472 1240 1505 1264 et
1531 1234 1703 1274 Capaneo,
1726 1237 1769 1266 ab
1792 1235 1942 1266 Hercule

156 1298 243 1318 nunc
266 1293 457 1327 pronepote
481 1288 525 1317 ad
540 1297 709 1327 proavom
726 1287 893 1324 Herculis,
917 1288 974 1327 qui
997 1294 1120 1328 quarto
1143 1289 1256 1328 gradu
1278 1298 1298 1317 a
1320 1294 1514 1328 pronepote
1539 1289 1653 1323 distat,
1676 1290 1938 1320 adscensionem

157 1341 331 1377 faciamus,
366 1352 433 1382 quo
463 1342 662 1381 perventuri
685 1343 814 1372 sumus!
861 1343 938 1372 Non
956 1344 1000 1373 ad
1027 1353 1113 1381 eum,
1136 1343 1193 1382 qui
1216 1343 1249 1372 in
1284 1344 1407 1373 eodem
1441 1344 1552 1383 gradu
1587 1349 1691 1383 atque
1718 1343 1866 1374 Proetus
1889 1344 1941 1375 sit.

157 1397 315 1427 Herculis
339 1397 426 1427 enim
449 1406 542 1431 avos,
567 1396 828 1436 Amphitruonis
851 1404 959 1437 pater,
983 1398 1134 1428 Alcaeus
1158 1403 1219 1431 est,
1244 1398 1339 1428 cuius
1362 1397 1524 1437 frequens
1546 1398 1712 1428 memoria
1735 1399 1767 1428 in
1791 1398 1938 1438 antiquis

157 1452 363 1481 carminibus
396 1457 460 1482 est:
498 1451 639 1482 Hesiod.
664 1451 757 1483 Scut.
789 1453 828 1483 26
850 1452 928 1491 ἦρχε
953 1453 987 1483 δὲ
1008 1454 1110 1484 τοῖσιν
1131 1452 1184 1490 ἐὺς
1207 1454 1280 1490 παῖς
1304 1452 1471 1491 Ἀλκαιοῖο,
1503 1452 1514 1492 ΙΙ
1544 1453 1680 1484 κυδιόων
1713 1455 1829 1484 λαοῖσι.
1853 1452 1941 1484 conf.

157 1505 322 1545 Apollod.
346 1507 373 1541 2,
397 1507 425 1539 4,
450 1507 478 1539 5,
504 1507 535 1543 13
559 1506 661 1537 Paus.
685 1507 713 1541 8,
740 1507 786 1543 14,
811 1508 838 1538 2.
882 1507 954 1537 Iam
978 1506 1136 1537 Herculis
1159 1516 1319 1546 proavos,
1344 1506 1468 1537 Alcaei
1489 1512 1598 1546 pater,
1623 1506 1698 1546 quis
1712 1507 1852 1537 tandem
1869 1508 1940 1538 est?

157 1560 246 1590 Num
270 1560 425 1590 Acrisius
450 1566 510 1595 est,
547 1560 665 1590 Proeti
689 1560 806 1595 frater,
842 1571 942 1600 quem
968 1571 1049 1590 sane
1086 1570 1162 1590 esse
1194 1561 1398 1600 oportebat?
1443 1559 1594 1590 Minume
1616 1560 1787 1599 gentium!
1832 1560 1941 1591 Immo

158 1614 308 1645 Perseus
332 1619 393 1649 est,
417 1613 544 1644 Acrisii
567 1625 611 1645 ex
628 1615 752 1645 Danaa
774 1625 891 1654 nepos.
928 1615 1074 1644 Duabus
1097 1614 1202 1654 igitur
1225 1614 1397 1644 aetatibus
1423 1614 1554 1644 auctius
1578 1620 1629 1644 est
1645 1614 1814 1650 Herculis,
1839 1625 1941 1654 quam

156 1668 272 1708 Iphiis‚
297 1678 400 1708 quam
426 1668 587 1708 Capanei,
612 1669 780 1705 Herculis,
817 1676 852 1699 ut
876 1669 1030 1704 vidimus,
1067 1669 1271 1708 aequalium,
1307 1675 1462 1699 stemma.
1507 1668 1605 1698 Haec
1640 1669 1873 1708 discrepantia
1904 1676 1942 1699 ut

156 1732 223 1753 non
246 1723 361 1762 potuit
382 1733 449 1753 non
473 1723 571 1754 brevi
595 1724 831 1759 animadverti,
856 1724 904 1753 ita
927 1723 1079 1754 remedio
1103 1723 1218 1762 aliquo
1234 1724 1458 1753 vehementer
1480 1722 1637 1762 indigere
1652 1723 1728 1752 visa
1743 1728 1804 1754 est.
1833 1723 1942 1753 Hera—

157 1776 267 1806 clidae
289 1778 383 1816 quod
406 1777 571 1808 Perseum
594 1779 734 1808 heroem
769 1778 1081 1817 splendidissimum
1104 1777 1224 1817 generi
1254 1787 1315 1807 suo
1349 1783 1383 1808 et
1411 1777 1597 1817 prosapiae
1619 1776 1856 1816 praefixerunt
1879 1778 1938 1808 mi-

156 1841 257 1862 nume
280 1831 438 1871 profecto
461 1832 544 1862 vitio
569 1832 633 1862 illis
656 1833 743 1863 verti
766 1832 908 1872 poterit;
943 1842 1022 1862 nam
1055 1833 1147 1862 nulla
1174 1832 1310 1862 illorum
1334 1832 1366 1861 in
1392 1831 1580 1862 condendis
1613 1832 1712 1862 novis
1747 1831 1942 1862 civitatibus

158 1896 213 1916 ars
235 1885 365 1922 fuisset,
397 1886 425 1916 si
446 1896 512 1916 non
535 1887 660 1917 heroes
693 1886 848 1926 gentium
882 1888 1100 1917 subactarum
1123 1887 1373 1917 illustrissimos
1409 1886 1569 1926 proprios
1602 1886 1666 1917 sibi
1701 1892 1734 1916 et
1756 1896 1838 1917 vere
1862 1896 1942 1917 suos

157 1939 328 1971 fecissent.
373 1939 444 1971 Sed
468 1940 617 1971 Perseus
639 1941 743 1971 heros
767 1946 840 1971 erat
863 1941 922 1972 οὐκ
945 1941 1008 1972 ἀπὸ
1032 1942 1129 1979 δρυὸς
1153 1941 1220 1972 οὐδ’
1245 1941 1308 1972 ἀπὸ
1333 1942 1460 1979 πέτρης,
1504 1940 1545 1971 Ei
1569 1951 1704 1980 quoque
1728 1941 1832 1980 aliqui
1853 1951 1937 1971 avos

158 1993 225 2024 iarn
248 1994 280 2024 in
297 1995 540 2034 antiquissimis
563 1995 769 2025 carminibus
792 1994 865 2031 fuit,
890 1996 933 2026 ab
957 1995 1033 2035 ipso
1056 2005 1125 2025 non
1146 1995 1365 2035 separabilis;
1390 1995 1505 2035 itaque
1526 2005 1592 2025 una
1616 2005 1691 2026 cum
1707 1995 1836 2026 Perseo
1854 2005 1940 2026 avos

158 2058 295 2087 quoque
318 2047 477 2079 Acrisius
499 2049 762 2079 Heraclidarum
794 2050 980 2089 prosapiae
1013 2048 1267 2089 praefigendus,
1302 2050 1358 2079 vel
1391 2050 1419 2080 si
1450 2049 1570 2079 melius
1594 2049 1773 2080 dicendum
1796 2049 1848 2085 sit,
1885 2049 1941 2080 ille

159 2112 296 2142 quoque
319 2103 526 2134 accessionis
548 2104 625 2134 loco
649 2104 748 2134 simul
773 2104 1009 2143 suscipiendus
1033 2109 1115 2135 erat.

219 2247 247 2278 8.
291 2247 427 2278 Acrisio
450 2254 593 2288 propter
616 2248 781 2279 intrusam
804 2248 963 2279 Herculis
985 2249 1184 2289 prosapiam
1209 2249 1243 2279 in
1266 2255 1336 2280 tam
1359 2250 1464 2280 altum
1486 2250 1597 2279 locum
1621 2255 1741 2280 evecto
1763 2254 1800 2279 ut
1822 2259 1886 2289 par

355 2300 452 2332 fieret
474 2302 620 2332 Proetus
643 2302 758 2337 frater,
782 2302 899 2333 Proeti
921 2308 1140 2342 posterorum
1164 2309 1309 2334 stemma
1331 2304 1364 2334 in
1386 2304 1513 2334 lectum
1535 2303 1742 2334 Procrustae

911 2358 1107 2397 impositum
1130 2363 1192 2389 est.

309 2443 379 2476 Sed
394 2446 459 2475 hac
475 2445 608 2476 sarcina
624 2451 784 2485 suscepta
804 2452 1019 2486 quantopere
1042 2446 1171 2485 antiqui
1193 2446 1238 2475 illi
1256 2445 1475 2485 symmetriae
1493 2450 1526 2476 et
1540 2445 1739 2475 harmoniae
1762 2449 1935 2475 amatores

157 2497 304 2529 circulos
328 2508 408 2529 suos
431 2500 590 2530 turbatos
612 2500 732 2540 lugere
756 2501 961 2531 debuerunt!
1002 2500 1159 2532 Acrisius
1182 2500 1271 2531 enim
1293 2498 1411 2530 Proeti
1430 2499 1537 2531 frater
1558 2500 1715 2539 geminus
1738 2505 1821 2530 erat.
1862 2499 1941 2530 Hoc
