2023 2891
966 193 983 203 ,-

971 205 978 223 Ι

85 293 166 333 Ἶφις
189 295 245 332 μὲν
268 294 328 332 γὰρ
351 294 369 325 ὁ
393 289 585 332 Ἀλέκτορος
614 295 671 325 τοῦ
696 293 911 331 Ἀναξαγόρου
935 294 1082 334 Σθενέλῳ
1105 297 1150 334 τῷ
1175 295 1347 332 Καπανέως
1370 294 1515 333 ἀδελφοῦ
1544 295 1630 326 παιδὶ
1653 294 1786 326 ἀπέλιπε
1809 296 1868 333 τὴν

81 349 192 388 ἀρχήν,
215 349 280 379 hoc
301 349 390 379 enim
412 349 490 379 loco
520 358 641 379 vocem
664 347 807 386 ἀδελφός
829 347 952 378 fratem
975 348 1165 387 patruelem
1182 347 1386 388 significare,
1409 358 1471 379 nec
1494 358 1570 379 cum
1592 349 1758 379 nonnullis
1773 350 1865 389 apud

80 402 285 433 Pausaniam
311 402 447 441 ἀνεψιοῦ
481 402 699 433 scribendum
727 412 814 437 esse,
848 401 1051 432 rectissume
1085 402 1285 432 observavit
1308 402 1507 434 Siebelisius
1540 403 1607 434 vol.
1632 403 1657 440 Ι,
1680 403 1863 443 Explicatt.

80 466 112 495 p.
127 456 198 487 207.
230 456 387 487 Liberior
406 456 548 496 quidam
575 456 668 487 vocis
691 456 834 494 ἀδελφός
857 465 939 486 usus
962 456 1054 495 apud
1076 455 1283 486 Pausaniam
1307 456 1430 487 iterum
1452 456 1621 487 invenitur
1641 459 1669 492 5,
1696 458 1743 492 11,
1767 458 1785 488 6
1806 457 1863 487 ubi

79 510 278 541 Panaenum
294 509 437 541 Phidiae
460 509 622 541 ‘fratrem'
645 516 748 540 vocat
770 510 936 548 Πάναινος
959 511 1014 548 μὲν
1039 511 1076 547 δὴ
1101 509 1198 548 οὗτος
1214 509 1357 549 ἀδελφὸς
1380 510 1418 548 ἦν
1442 511 1579 549 Φειδίου,
1601 521 1677 542 cum
1693 510 1864 549 Strabone

83 569 172 595 teste
209 564 404 603 ἀδελφιδοῦς
436 564 581 595 Phidiae
611 563 723 600 fuerit,
755 564 860 595 Strab
894 564 987 598 VIII,
1009 574 1042 604 p.
1065 565 1125 595 354
1162 564 1329 602 Πάναινος
1351 564 1369 596 ὁ
1391 565 1570 603 ζωγράφος,
1600 565 1795 604 ἀδελφιδοῦς
1818 566 1864 597 ὢν

84 618 184 649 αὐτοῦ
207 619 258 650 καὶ
279 617 529 657 συνεργολάβος,
562 617 649 649 conf.
674 617 892 649 Siebelisium
915 619 981 649 vol.
1006 618 1046 655 II,
1078 618 1262 658 Explicatt.
1287 628 1318 658 p.
1343 619 1413 649 220.
1457 618 1512 649 De
1535 619 1699 650 Alectore
1724 626 1756 650 et
1778 620 1864 660 Hip-

79 681 196 710 ponoo
226 671 389 702 fratribus
422 676 568 702 stemma
590 681 738 711 quoque,
772 671 865 710 quod
889 671 1044 711 Heynius
1069 672 1113 701 ad
1137 672 1303 712 Apollod.
1327 682 1357 712 p.
1385 673 1463 703 1020
1499 673 1681 713 expressit,
1718 673 1862 704 conferri

79 732 204 765 potest.
229 735 435 764 quamquam
457 725 524 755 hoc
546 725 789 764 interpolatam
811 725 878 755 iarn
904 726 1054 764 speciem
1075 726 1236 756 ostendit.

228 779 312 810 Cum
333 778 437 819 igitur
461 779 493 809 in
516 778 733 818 interpolatis
756 778 908 809 fontibus
932 778 1077 810 Alector
1106 785 1141 811 et
1164 780 1371 820 Hipponous
1394 782 1486 811 haud
1514 781 1617 812 dubie
1638 782 1763 813 fratres
1787 782 1861 818 sint,

80 834 264 864 admodum
286 833 319 863 in
341 833 485 873 proclivi
507 833 572 864 erit
594 833 762 871 conicere,
786 833 889 863 etiam
906 833 939 863 in
958 834 1145 865 vetustiore
1162 841 1196 865 et
1218 836 1368 865 nondum
1392 836 1599 875 interpolato
1613 836 1731 867 Proeti
1747 842 1862 876 poste-

80 898 191 918 rorum
223 891 403 918 stemmate
426 886 579 918 fraterno
602 897 663 918 eos
694 887 827 918 vinculo
861 887 1058 919 coniunctos
1085 889 1199 920 fuisse.
1244 890 1316 920 Iam
1347 900 1423 921 cum
1457 896 1592 921 constet
1613 891 1646 921 in
1672 891 1862 921 vetustiore

81 943 283 982 anagrapha
305 941 482 981 Hipponoi
506 947 649 981 patrem,
675 940 826 980 Capanei
850 952 959 977 avom,
984 942 1091 973 fuisse
1113 943 1395 983 Megapenthem,
1418 943 1532 975 Schol.
1548 944 1644 976 Pind.
1661 955 1694 984 p.
1710 945 1771 975 494
1794 945 1862 976 init.

77 996 218 1035 Προίτου
242 996 463 1034 Μεγαπένθης,
486 995 524 1027 οὗ
547 995 723 1034 Ἱππόνους,
744 995 782 1027 οὗ
808 996 982 1035 Καπανεύς,
1006 997 1049 1027 de
1065 1007 1133 1036 quo
1156 997 1233 1027 loco
1252 1007 1356 1037 supra
1372 998 1569 1038 expositum
1585 1004 1646 1034 est,
1667 1008 1735 1029 non
1750 999 1862 1029 minus

82 1055 175 1080 certo
192 1050 374 1085 constabit,
396 1049 571 1080 Alectoris
588 1059 727 1089 quoque
743 1049 776 1080 in
796 1050 1038 1081 vetustissimis
1055 1049 1180 1081 fabulis
1198 1056 1232 1081 et
1251 1051 1458 1082 carminibus
1475 1052 1580 1092 epicis
1595 1058 1730 1092 patrem
1741 1052 1860 1092 Mega-

77 1104 240 1143 penthem
270 1103 384 1135 fuisse.
428 1104 548 1143 Itaque
578 1103 688 1134 altera
721 1104 807 1134 haec
830 1104 1072 1135 Proetidarum
1096 1105 1210 1144 stirps,
1240 1115 1258 1134 e
1281 1115 1350 1144 qua
1372 1105 1474 1145 Iphis,
1509 1105 1671 1145 Capaneo
1696 1106 1861 1146 aequalis,

77 1158 213 1197 prodiit,
248 1159 336 1189 hunc
359 1158 393 1188 in
420 1158 560 1188 modum
585 1158 757 1188 decurret:
794 1157 944 1193 Proetus,
977 1158 1225 1199 illegapenfhes,
1260 1158 1403 1198 Alecto&
1437 1158 1541 1200 spln's,
1574 1159 1737 1191 Eteoclus.
1782 1160 1860 1191 Hoc

77 1222 214 1252 quoque
237 1218 382 1243 stemma
403 1222 492 1242 nunc
519 1211 662 1251 egregie
686 1211 833 1242 concinit
857 1222 932 1242 cum
955 1212 1290 1253 Melampodidarum
1315 1214 1418 1249 serie;
1451 1215 1640 1254 respondet
1662 1213 1760 1255 Iphz'z‘
1778 1214 1860 1244 Am-

70 1265 250 1307 phiaraus,
274 1264 426 1296 Alectorz'
449 1265 566 1299 Ofelcs,
598 1264 821 1306 illegapcnflzz'
839 1265 1052 1307 Anlz'phatcs,
1087 1267 1205 1297 Proeto
1227 1267 1427 1309 fllclampns.
1470 1268 1592 1308 Itaque
1613 1269 1700 1300 haec
1723 1279 1860 1309 quoque

77 1320 290 1361 computatio
312 1320 475 1350 Proetum
498 1319 710 1359 Melampodi
733 1321 914 1360 aequalem
937 1321 1027 1352 facit.

150 1490 179 1521 6.
223 1488 485 1520 Heraclidarum
508 1492 690 1518 stemmata
713 1487 927 1527 longiuscula
949 1488 981 1518 in
1004 1489 1280 1529 Peloponnesum
1304 1491 1409 1521 allata
1431 1491 1605 1530 quomodo
1629 1492 1787 1531 antiquas

532 1542 753 1582 anagraphas
776 1542 959 1577 onerarint,
989 1544 1174 1585 obruerint,
1202 1545 1401 1585 diruperint.

225 1643 295 1675 Sed
317 1644 404 1673 haec
435 1648 653 1672 stemmatum
688 1642 905 1681 antiquorum
939 1644 1173 1685 congruentia,
1205 1655 1293 1685 quae
1327 1646 1420 1684 apud
1442 1645 1635 1676 Hesiodum
1659 1651 1692 1677 et
1714 1646 1747 1676 in
1770 1647 1859 1678 The-

76 1698 180 1728 baide
201 1698 331 1737 cyclica
353 1703 423 1727 tarn
446 1697 538 1727 clare
562 1702 700 1735 tamque
725 1697 903 1736 eleganter
925 1699 1228 1738 contemplantium
1252 1710 1289 1729 se
1314 1699 1420 1730 oculis
1443 1698 1555 1735 offert,
1581 1705 1706 1740 postea
1727 1706 1860 1740 pertur-

76 1753 160 1783 bata
187 1758 249 1791 est,
282 1762 358 1782 cum
386 1750 540 1782 stabilita
565 1750 745 1790 paullatim
767 1750 988 1781 Doriensium
1026 1753 1260 1784 dominatione
1282 1753 1490 1784 Heraclidae
1524 1754 1691 1784 maiorum
1723 1765 1860 1786 suorum

76 1807 215 1837 nomina
235 1805 378 1846 Argivis
400 1804 617 1845 genealogiis
640 1804 879 1835 immiscerent.
926 1805 1119 1837 Turbarum
1143 1812 1265 1843 autem,
1296 1817 1385 1847 quae
1409 1812 1553 1839 exortae
1576 1814 1663 1844 sunt,
1690 1819 1733 1840 ea
1754 1809 1859 1849 potis-

77 1871 208 1891 sumum
232 1870 355 1891 caussa
375 1858 446 1895 fuit,
479 1859 573 1898 quod
595 1868 814 1898 proavorum,
849 1860 939 1889 unde
962 1860 1130 1892 Hercules
1161 1861 1329 1902 originem
1352 1862 1512 1902 cepisset,
1547 1863 1652 1894 series
1681 1864 1858 1903 aliquanto

76 1916 210 1956 plenior
233 1921 267 1946 et
289 1914 421 1945 auctior
445 1918 507 1949 est,
543 1923 646 1953 quam
670 1919 852 1944 stemmata
874 1924 996 1954 regum
1018 1915 1241 1955 Argivorum,
1277 1915 1305 1946 si
1327 1917 1432 1947 modo
1455 1916 1491 1947 in
1514 1919 1790 1957 pernumerando
1815 1920 1859 1950 ab

78 1970 207 2000 eisdem
230 1967 426 2009 primordiis
446 1966 674 2007 proficiscare.
711 1967 767 1998 Ac
789 1978 872 1998 sane
895 1968 930 1998 id
952 1969 1001 1999 ita
1021 1975 1059 2000 ut
1081 1969 1245 2001 faciamus
1268 1970 1344 2010 ipsa
1366 1981 1481 2002 rerum
1496 1977 1619 2002 natura
1633 1973 1757 2012 poscit;
1781 1984 1860 2005 nam

77 2023 338 2055 Heraclidarum
362 2032 498 2062 semper
522 2027 704 2052 stemmata
721 2022 971 2062 antiquioribus
991 2024 1024 2054 in
1041 2024 1284 2064 Peloponneso
1304 2025 1467 2065 stirpibus
1487 2026 1637 2057 insertae
1661 2033 1746 2058 sunt.
1782 2027 1861 2058 Fuit

77 2078 165 2109 enim
187 2079 274 2108 haec
301 2076 459 2117 profecto
479 2076 512 2107 in
535 2076 704 2116 primariis
719 2076 982 2108 Heraclidarum
1006 2078 1136 2109 artibus
1165 2080 1209 2109 ad
1231 2079 1381 2119 populos
1403 2079 1461 2119 qui
1484 2081 1586 2111 armis
1608 2081 1741 2112 subacti
1764 2088 1860 2112 erant

78 2132 110 2162 in
126 2132 293 2171 obsequio
308 2131 517 2166 retinendos
541 2136 577 2161 ut
594 2131 658 2169 ipsi
681 2131 746 2161 illis
761 2141 830 2161 non
846 2132 1021 2172 peregrini
1034 2133 1242 2169 viderentur,
1265 2134 1327 2164 sed
1349 2140 1386 2164 ut
1409 2144 1546 2164 suarum
1563 2134 1734 2175 originum
1749 2136 1860 2176 prima

78 2185 224 2216 stamina
247 2186 389 2216 heroum
412 2185 444 2215 in
468 2185 709 2225 Peloponneso
732 2185 920 2225 patriorum
945 2191 978 2216 et
1002 2187 1267 2217 domesticorum
1301 2187 1402 2218 claris
1436 2189 1631 2219 nominibus
1653 2195 1860 2221 attexerent.

79 2240 149 2272 Sed
169 2249 213 2270 ex
236 2241 301 2270 hac
322 2249 369 2278 re,
403 2244 441 2269 ut
466 2244 539 2270 erat
561 2248 644 2269 sane
666 2239 854 2278 prudenter
877 2238 1042 2279 instituta,
1075 2246 1189 2271 tamen
1212 2241 1286 2272 fieri
1309 2252 1376 2272 non
1399 2243 1522 2282 potuit,
1557 2243 1636 2282 quin
1669 2254 1778 2283 grave
1811 2244 1859 2274 in-

77 2294 292 2324 commodum
304 2299 514 2324 nasceretur.
544 2293 633 2323 Nam
646 2292 862 2327 Heraclidae,
886 2298 923 2323 ut
945 2293 1102 2329 diximus,
1120 2295 1342 2335 longiusculis
1362 2296 1572 2336 anagraphis
1590 2297 1858 2329 delectabantur.

79 2347 143 2377 His
167 2347 270 2386 igitur
293 2346 325 2377 in
348 2347 490 2387 antiqua
513 2352 697 2378 stemmata
718 2347 853 2377 insertis
877 2347 943 2377 iam
967 2348 1074 2378 series
1097 2349 1240 2388 vicinae,
1264 2360 1352 2389 quae
1375 2350 1455 2381 olim
1476 2350 1704 2390 pulcherrime
1722 2361 1859 2382 accura-

78 2401 289 2440 tissumeque
310 2406 550 2441 congruerant,
573 2401 706 2431 hiulcae
728 2400 857 2432 fiebant
881 2406 915 2431 et
939 2402 1192 2443 discrepabant.
1233 2404 1331 2435 Haec
1354 2405 1381 2435 si
1404 2410 1555 2444 reputes,
1579 2405 1679 2436 facile
1700 2405 1858 2445 profecto

78 2455 123 2485 ad
146 2454 366 2485 divinandum
390 2459 452 2491 est,
485 2455 567 2494 quid
597 2454 727 2494 antiqui
760 2454 925 2489 homines,
959 2466 1131 2496 nunquam
1156 2459 1200 2488 ad
1222 2457 1421 2498 fingendum
1444 2459 1533 2489 tardi
1563 2465 1597 2490 et
1625 2459 1743 2498 timidi,
1776 2460 1860 2490 anti-

77 2509 253 2549 quioribus
268 2508 342 2539 istis
359 2509 569 2549 anagraphis
585 2508 737 2540 fecerint.
775 2509 906 2540 Eadem
922 2519 1038 2540 earum
1055 2520 1130 2541 sors
1146 2511 1218 2547 fuit,
1244 2522 1332 2551 quae
1349 2512 1522 2552 hospitum
1541 2513 1623 2544 boni
1635 2513 1857 2545 Procrustae:
