2023 2891
1004 189 1041 219 14

131 297 246 321 tamen
274 300 363 321 nunc
396 290 610 330 repudianda
643 290 793 324 videtur;
835 299 913 319 nam
948 288 1081 319 etiarnsi
1116 288 1262 318 Inachus
1297 298 1315 318 e
1348 288 1462 318 medio
1496 288 1644 326 tollatur,
1677 288 1913 328 relinquuntur

130 345 344 385 Polyphides
371 351 405 375 et
427 344 607 385 Pelasgus,
640 344 697 384 qui
732 344 791 374 vix
826 343 973 377 aliunde,
1007 352 1109 382 quarn
1144 352 1186 373 ex
1223 342 1364 372 eruditis
1387 340 1570 372 Clisthenis
1603 341 1725 372 studiis
1748 341 1913 381 explicari

131 405 301 439 poterunt.

279 453 351 483 Iam
372 453 476 493 igitur
499 453 531 483 in
555 453 663 492 ipsam
686 451 869 483 Clisthenis
895 451 1076 486 officinam,
1109 452 1213 482 docta
1237 452 1366 482 scilicet
1392 451 1450 481 illa
1476 451 1680 491 supellectili
1703 451 1911 488 instructam,

132 508 379 548 penetrandum
403 507 467 537 erit
490 513 524 537 et
555 507 842 547 investigandum,
878 506 960 546 quid
991 506 1215 545 potissumum
1250 512 1410 546 spectans
1432 506 1596 537 Inachum
1630 506 1912 537 vetustissumum

132 564 272 593 heroem
296 562 339 591 ab
361 560 478 591 inferis
502 561 661 591 excitarit
686 566 720 591 et
742 571 862 600 regem
885 559 1034 600 Sicyone
1057 566 1137 599 post
1162 560 1334 600 Polybum
1356 559 1429 591 fieri
1450 560 1594 592 iusserit.
1630 560 1668 590 In
1688 561 1754 591 hac
1776 570 1913 600 quoque

133 627 169 646 re
193 615 406 655 explicanda⁷
429 615 575 655 primurn
599 615 642 645 de
665 615 862 645 coniectura
886 615 1036 654 quadam
1060 614 1179 650 dicam,
1205 625 1316 654 quam,
1342 615 1405 645 etsi
1427 615 1640 655 probabilius
1667 614 1749 654 quid
1770 614 1913 646 inveniri

133 671 272 710 poterit,
294 676 417 705 tamen,
441 680 484 700 ne
507 669 597 709 quid,
630 670 723 709 quod
748 670 793 699 ad
815 679 887 699 rem
910 669 1091 709 pertineat,
1128 669 1290 698 omissum
1312 668 1479 704 videatur,
1511 668 1754 708 proferendam
1777 677 1913 699 censeo.

133 725 258 754 Notum
274 731 335 759 est,
360 723 569 754 Clisthenem
591 724 713 754 mirum
736 724 769 754 in
785 724 926 754 modum
948 729 1101 754 veterem
1124 722 1292 753 Boeotiae
1314 723 1514 753 memoriam
1538 723 1570 753 in
1587 722 1717 753 deliciis
1736 722 1913 757 habuisse;

134 779 278 809 adscivit
300 778 379 808 inde
401 777 646 817 Melanippum,
669 777 879 817 Messapum,
914 782 952 808 ut
975 777 1018 808 de
1042 777 1115 808 aliis
1138 787 1226 808 nunc
1248 777 1375 808 sileam.
1419 777 1477 807 Ad
1501 777 1609 808 simile
1632 777 1829 817 exemplum
1851 786 1914 807 nos

134 833 271 863 deducit
295 832 510 867 Plutarchus,
543 831 683 872 Quaest.
705 831 829 863 Graec.
851 833 900 863 41.
946 831 1120 871 Oppidum
1145 837 1197 862 est
1220 831 1387 861 Boeotiae
1410 830 1527 871 Eleon,
1556 831 1648 861 haud
1676 831 1782 871 longe
1805 841 1826 861 a
1848 830 1912 860 Ta-

133 897 242 927 nagra
265 886 376 922 situm,
397 887 435 918 Il.
460 889 485 926 β,
508 887 569 918 500
592 887 621 917 οἵ
643 886 668 918 τ’
692 886 826 918 Ἐλεῶν’
850 886 935 925 εἶχον
958 886 1006 924 ἠδ’
1030 886 1132 924 Ὕλην
1156 886 1207 917 καὶ
1229 885 1382 916 Πετεῶνα
1405 891 1439 915 et
1460 885 1572 917 strab.
1596 885 1659 919 IX.
1685 895 1717 924 p.
1741 885 1801 916 405
1825 890 1916 916 extr.

135 943 248 979 Νῐσαν]
279 942 405 973 ἔστιδὲ
428 944 486 980 τῆς
508 942 722 980 τετρακωμίας
755 944 812 979 τῆς
843 941 914 980 περὶ
935 941 1113 979 Τάναγραν,
1141 937 1302 978 Ἐλεῶνος
1335 939 1498 978 Ἅρματος
1532 939 1752 978 Μυκαλησσοῦ
1785 939 1913 978 Φαρῶν.

133 997 247 1036 Prope
269 998 334 1027 hoc
355 996 519 1036 oppidum
543 995 665 1026 fluvius
688 1001 771 1032 erat,
795 995 852 1035 qui
875 995 955 1026 olim
970 995 1116 1026 Inachus
1132 995 1330 1025 vocabatur.
1362 994 1564 1024 Plutarchus
1586 993 1738 1024 fabulam
1762 999 1911 1032 enarrat,

134 1062 201 1091 qua
225 1051 425 1090 explicatur,
450 1061 510 1081 cur
533 1050 679 1081 Inachus
702 1060 827 1081 nomen
849 1050 988 1080 mutarit
1011 1056 1045 1080 et
1067 1060 1087 1080 a
1111 1048 1335 1084 Scamandro,
1363 1048 1456 1078 fluvii
1477 1058 1587 1087 prope
1611 1048 1751 1078 Troiam
1773 1053 1912 1087 nepote,

133 1111 258 1145 postea
280 1104 492 1137 Scamander
514 1110 658 1135 vocatus
684 1105 736 1139 sit,
770 1103 910 1144 Quaest.
933 1103 992 1135 Gr.
1013 1105 1051 1135 41
1087 1104 1297 1142 Σκάμανδρος
1413 1106 1470 1141 τῆς
1504 1103 1611 1141 χώρας
1635 1102 1838 1140 ἐβασίλευσε·
1861 1102 1914 1132 καὶ

134 1161 190 1191 τὸν
212 1161 268 1197 μὲν
288 1159 413 1198 Ἴναχον
435 1160 580 1197 ποταμὸν
601 1158 653 1190 ἀπ’
675 1159 774 1190 αὐτοῦ
798 1159 1016 1196 Σκάμανδρον,
1047 1158 1084 1189 τὸ
1107 1158 1142 1189 δὲ
1165 1158 1303 1195 πλησίον
1330 1157 1430 1196 ῥεῦμα
1453 1157 1604 1188 Γλαυκίαν
1629 1156 1692 1188 ἀπὸ
1713 1158 1771 1195 τῆς
1795 1156 1914 1195 μητρὸς

134 1214 311 1251 ὠνόμασεν.
345 1213 500 1244 Pertinet
522 1214 588 1244 hoc
610 1223 748 1253 quoque
769 1213 814 1243 ad
836 1212 987 1252 vestigia
1008 1221 1123 1242 rerum
1138 1212 1374 1245 Troianaram,
1398 1221 1487 1251 quae
1509 1211 1542 1241 in
1558 1211 1706 1241 Boeotia
1721 1215 1912 1249 occurrunt,

135 1269 221 1299 conf.
244 1268 346 1298 Paus.
369 1269 398 1304 9,
423 1269 470 1303 18,
495 1269 523 1298 5.
567 1267 712 1298 Poterat
734 1267 839 1307 igitur
864 1266 1066 1301 Clisthenes,
1101 1272 1138 1296 ut
1161 1272 1234 1297 erat
1261 1272 1418 1296 veterum
1449 1270 1483 1296 et
1512 1265 1765 1296 reconditarum
1799 1273 1913 1295 rerum

136 1323 306 1354 studiosus
343 1323 502 1362 idemque
534 1323 578 1352 ad
615 1321 813 1362 fingendum
843 1321 992 1352 minume
1024 1321 1153 1356 tardus,
1186 1320 1349 1351 Inachum
1382 1320 1474 1350 illum
1501 1318 1671 1359 Sicyoniis
1708 1318 1833 1349 fabulis
1864 1318 1912 1348 in-

134 1386 264 1413 texere,
298 1388 339 1408 eo
372 1377 597 1417 potissumum
623 1376 775 1412 consilio,
807 1382 845 1407 ut
870 1376 1051 1416 Sicyonios
1085 1384 1223 1415 quoque
1259 1385 1355 1404 suum
1389 1374 1561 1414 quendam
1588 1373 1751 1404 Inachum
1783 1373 1914 1403 habere

135 1433 340 1464 ostenderet.

257 1561 303 1590 14.
348 1559 477 1589 Audax
501 1558 686 1590 Clisthenis
704 1557 887 1597 inceptum,
911 1567 980 1597 quo
1004 1557 1175 1597 Sicyoniis
1200 1559 1291 1588 haud
1315 1559 1433 1594 minus,
1457 1568 1559 1598 quam
1582 1557 1727 1598 Argivis
1751 1559 1795 1588 ad

428 1613 588 1643 hem-llum
612 1618 649 1643 ut
671 1613 950 1643 vetustissumum
970 1618 1149 1652 parentem
1173 1613 1351 1652 adspirare
1374 1613 1477 1644 licere
1500 1613 1624 1643 docuit.

285 1701 356 1734 Sed
377 1708 429 1733 est
451 1708 565 1732 tamen
589 1701 655 1732 alia
677 1703 848 1741 quaedam
863 1700 1058 1740 explicandi
1073 1701 1160 1731 ratio
1177 1701 1352 1741 aliquanto
1368 1701 1590 1741 probabilior.
1630 1700 1826 1731 Clisthenes
1848 1702 1914 1731 hoc

136 1758 252 1797 potius
275 1757 445 1788 studuisse
468 1757 613 1789 videtur,
643 1762 681 1786 ut
703 1755 986 1795 antiquissumum
1009 1755 1102 1785 illum
1125 1765 1244 1795 regem
1266 1755 1439 1791 Inachum,
1470 1762 1522 1786 tot
1551 1756 1714 1786 domuum
1740 1755 1914 1796 regiarum

137 1818 324 1850 parentem,
348 1811 463 1854 statim
487 1811 529 1840 ab
553 1810 648 1841 initio
671 1821 739 1840 non
762 1810 979 1850 Argivorum
1001 1814 1134 1840 tantum
1157 1810 1344 1849 proprium,
1369 1810 1430 1839 sed
1453 1819 1522 1839 non
1545 1810 1676 1840 minore
1699 1809 1772 1840 iure
1795 1808 1915 1849 Sicyo-

137 1866 268 1896 niorum
291 1875 428 1905 quoque
452 1864 556 1895 fuisse
579 1865 841 1895 demonstraret.
884 1864 1005 1904 Itaque
1028 1865 1124 1899 hanc,
1156 1864 1287 1903 opinor,
1320 1863 1617 1894 ratiocinationem
1641 1863 1794 1894 instituit.
1838 1863 1913 1893 Ina-

138 1921 219 1950 chus
241 1930 285 1951 ex
307 1919 413 1950 Melia
430 1918 558 1949 Oceani
581 1918 650 1949 filia
673 1920 759 1949 duos
782 1919 932 1958 suscepit
957 1918 1054 1958 filios,
1077 1918 1296 1949 Phoroneum
1320 1924 1353 1948 et
1371 1918 1588 1958 Aegialeum,
1619 1918 1786 1958 Apollod.
1804 1919 1832 1953 2,
1851 1919 1877 1953 l,
1894 1918 1913 1948 2

137 1970 291 2006 Ὠκεανοῦ
323 1976 376 2005 καῑ
397 1974 522 2012 Τηθύος
555 1975 673 2010 γίνεται
704 1975 778 2012 παῖς
802 1973 927 2012 Ἴναχος
953 1999 958 2004 .
982 1999 988 2004 .
1012 1999 1017 2004 .
1046 1973 1161 2004 τούτου
1194 1974 1244 2004 καί
1267 1973 1389 2012 Μελίας
1418 1975 1475 2011 τῆς
1494 1973 1651 2004 Ὠκεανοῦ
1680 1972 1853 2011 Φορωνεύς
1879 1982 1914 2004 τε

139 2030 188 2060 καὶ
210 2028 372 2067 Αἰγιαλεὺς
399 2030 512 2066 παῖδες
539 2029 696 2065 ἐγένοντο.
741 2027 837 2058 Idem
865 2029 971 2058 habet
994 2027 1138 2058 Tzetzes
1162 2028 1206 2057 ad
1228 2027 1401 2067 Lycophr.
1424 2037 1455 2057 v.
1481 2027 1548 2064 177,
1581 2037 1614 2066 p.
1638 2028 1698 2058 451
1722 2027 1774 2057 ed.
1798 2026 1914 2058 Muell.

139 2082 337 2122 Aegialeus,
371 2082 426 2121 qui
447 2082 653 2121 Aegialeam
677 2081 839 2117 condidit,
874 2082 968 2121 quod
991 2087 1044 2112 est
1067 2082 1337 2112 vetustissimum
1370 2082 1464 2112 urbis
1484 2081 1642 2122 Sicyonis
1664 2091 1798 2116 nomen,
1824 2081 1914 2121 prin-

139 2146 220 2176 ceps
243 2142 295 2167 est
318 2136 466 2167 omnium
487 2135 726 2176 Sicyoniorum
748 2146 879 2176 regum.
912 2135 968 2166 De
991 2136 1224 2166 vetustissimo
1248 2136 1342 2166 urbis
1364 2136 1501 2166 nomine
1523 2140 1670 2166 testatur
1687 2135 1789 2166 Paus.
1806 2136 1834 2172 2,
1850 2136 1879 2172 5,
1895 2135 1915 2166 6

139 2190 315 2229 Αἰγιαλεύς]
338 2191 389 2222 καὶ
411 2191 590 2227 Αἰγιάλειαν
612 2190 711 2222 αὐτὸν
733 2190 849 2222 οἰκίσαι
871 2192 1000 2229 πρῶτον
1024 2190 1058 2221 ἐν
1081 2194 1125 2231 τῷ
1148 2190 1247 2231 πεδίῳ
1270 2191 1371 2222 πόλιν.
1414 2190 1541 2221 Strabo
1563 2190 1657 2227 VIII,
1684 2200 1717 2230 p.
1741 2191 1802 2221 382
1827 2194 1914 2220 extr.

139 2246 195 2282 τὴν
218 2246 252 2276 δὲ
275 2246 420 2276 Σικυῶνα
441 2245 599 2283 πρότερον
622 2245 783 2283 Μηκώνην
807 2245 952 2283 ἐκάλουν,
976 2244 1021 2276 ἔτι
1042 2246 1078 2276 δὲ
1097 2244 1256 2283 πρότερον
1281 2244 1446 2283 Αἰγιαλεῖς.
1470 2243 1556 2275 conf.
1572 2243 1711 2284 Gompf,
1736 2243 1914 2284 Sicyonia-

140 2309 256 2330 corum
278 2299 459 2338 specimen,
482 2299 597 2330 Berol.
617 2299 706 2335 1832,
729 2309 760 2338 p.
777 2300 825 2330 55.
858 2298 1075 2338 Aegialeum,
1099 2299 1216 2329 Inachi
1232 2298 1345 2335 filium,
1369 2299 1484 2329 liberis
1501 2299 1623 2328 orbum
1646 2298 1775 2329 obiisse
1796 2304 1914 2328 narrat

139 2353 372 2393 Apollodorus
397 2355 424 2390 2,
450 2355 476 2389 1,
498 2354 517 2384 3
539 2353 714 2392 Αἰγιαλέως
738 2355 794 2391 μὲν
817 2353 876 2385 οὖν
895 2353 1031 2392 ἄπαιδος
1054 2353 1275 2392 ἀποθανόντος
1297 2354 1316 2391 ἡ
1339 2353 1429 2392 χώρα
1447 2352 1557 2384 ἅπασα
1577 2352 1761 2393 (intellegit
1782 2352 1915 2383 univer—

141 2418 213 2438 sam
235 2408 523 2448 Peloponnesum)
546 2408 705 2446 Αἰγιάλεια
728 2409 852 2446 ἐκλήθη.
897 2407 968 2439 Sed
993 2409 1084 2448 apud
1106 2408 1201 2448 ipsos
1225 2407 1406 2448 Sicyonios
1441 2408 1545 2447 longe
1578 2407 1677 2437 aliter
1709 2416 1765 2437 res
1798 2415 1914 2436 narra-

140 2464 255 2498 batur;
285 2462 331 2493 ibi
353 2462 544 2502 Aegialeus
565 2461 670 2492 filium
693 2462 867 2502 Europem
889 2463 1053 2503 genuisse
1075 2463 1295 2498 tradebatur3
1321 2472 1384 2502 per
1407 2471 1484 2492 eum
1505 2461 1629 2491 deinde
1652 2469 1780 2500 parens
1803 2459 1914 2490 factus

143 2523 194 2546 est
228 2517 434 2556 reliquorum
463 2527 583 2557 regum
613 2516 862 2557 Sicyoniorum.
918 2517 1081 2548 Testatur
1113 2527 1186 2547 rem
1220 2517 1322 2547 Paus.
1346 2517 1374 2552 2,
1397 2517 1425 2551 5,
1449 2516 1468 2546 6
1501 2515 1675 2554 Αἰγιαλέως
1709 2516 1744 2546 δὲ
1779 2513 1915 2553 Εὔρωπα
