2023 2891
226 684 252 714 1.
297 683 386 713 Num
410 682 544 713 omnino
567 682 750 722 probabile
772 682 826 717 sit,
855 681 1062 711 Pausaniam
1086 681 1118 711 in
1141 680 1324 721 Sicyoniae
1351 679 1583 720 descriptione
1610 679 1796 718 superioris

560 737 736 767 cuiusdam
760 736 884 766 eruditi
907 745 994 775 opus
1018 735 1171 775 pressius
1193 739 1347 765 secutum
1370 744 1456 765 esse.

265 815 373 846 Extat
396 816 490 856 apud
512 815 719 846 Pausaniam
745 816 773 850 2,
797 816 826 854 5,
849 815 868 846 6
891 815 935 845 ad
958 816 986 851 2,
1010 815 1038 851 6,
1063 815 1080 846 7
1108 814 1420 854 antiquissimorum
1451 814 1544 854 apud
1568 813 1749 854 Sicyonios
1778 823 1899 854 regum

119 870 338 906 enumeratio,
362 880 470 910 usque
493 871 537 900 ad
562 869 826 900 Heraclidarum
849 869 1036 899 adventum
1058 869 1266 899 continuata.
1311 868 1408 899 Haec
1431 868 1551 898 tabula
1573 877 1642 898 non
1665 868 1803 898 nomina
1827 868 1900 899 sola

117 925 277 960 continet,
310 934 374 955 nec
397 925 532 955 solitam
555 924 588 954 in
613 924 823 964 anagraphis
853 923 1064 954 ieiunitatem
1096 922 1255 959 ostendit,
1290 924 1352 954 sed
1382 922 1528 953 alacrior
1549 923 1655 963 longe
1680 927 1741 960 est,
1774 921 1899 953 fabulis

116 979 251 1010 variata
274 985 308 1010 et
333 989 446 1009 rerum
467 984 645 1019 gestarum
669 977 835 1008 memoria
858 983 991 1009 ornata.
1025 978 1143 1008 Insunt
1167 978 1308 1008 deorum
1331 978 1376 1008 ad
1399 987 1501 1017 reges
1517 977 1781 1007 commeantium
1798 976 1898 1007 mira-

119 1033 204 1068 cula,
238 1033 417 1064 mulierum
445 1043 520 1064 cum
550 1032 623 1063 deis
647 1033 819 1072 coniugia,
853 1033 1022 1062 bellorum
1053 1034 1178 1062 breves
1201 1031 1404 1067 mentiones;
1440 1032 1544 1062 habet
1576 1032 1663 1062 haec
1695 1032 1898 1070 anagrapha

116 1087 266 1127 speciem
290 1088 393 1127 plane
415 1087 620 1118 narrationis
644 1097 662 1118 e
685 1087 780 1126 volgi
801 1097 860 1117 ore
884 1092 1064 1126 exceptae.
1109 1086 1257 1117 Accedit
1280 1087 1324 1117 ad
1346 1086 1447 1117 vivae
1475 1086 1569 1116 vocis
1602 1085 1786 1126 imaginem
1820 1094 1898 1116 con-

115 1140 316 1172 firmandam
340 1142 501 1182 frequens
524 1142 773 1172 vocabulorum
797 1142 946 1178 λέγουσιν
971 1146 1004 1171 et
1026 1141 1128 1180 φασίν
1150 1140 1296 1172 iteratio.
1334 1141 1398 1171 His
1419 1139 1519 1171 facile
1542 1141 1726 1180 adducare,
1749 1145 1785 1170 ut
1808 1139 1899 1170 Pau-

116 1196 255 1232 saniam,
280 1207 370 1236 quae
393 1197 435 1227 de
458 1197 543 1226 urbe
565 1194 716 1235 Sicyone
739 1200 773 1226 et
798 1205 884 1235 agro
904 1195 1067 1235 Sicyonio
1091 1195 1226 1235 scripsit
1249 1196 1290 1234 (2,
1313 1196 1342 1231 5,
1366 1196 1384 1225 5
1406 1195 1452 1225 ad
1474 1196 1502 1232 2,
1526 1195 1574 1229 12,
1598 1194 1641 1234 2),
1663 1194 1830 1234 pleraque
1854 1194 1898 1224 ab

115 1251 198 1291 ipsis
222 1250 402 1291 Sicyoniis,
426 1251 469 1281 ab
492 1250 682 1290 periegetis
708 1256 741 1280 et
765 1250 912 1280 aedituis
936 1250 1113 1289 accepisse
1136 1250 1268 1280 credas.
1302 1249 1387 1279 Mihi
1409 1249 1474 1289 ipsi
1497 1250 1599 1289 plane
1615 1258 1817 1288 persuasum
1835 1253 1897 1285 est,

115 1305 321 1335 Pausaniam
346 1315 458 1336 rerum
484 1304 766 1345 Sicyoniacarum
799 1314 877 1334 esse
899 1309 1024 1335 testem
1047 1305 1228 1335 oculatum.
1272 1304 1403 1334 Tamen
1434 1303 1567 1334 doctior
1596 1309 1648 1334 est
1670 1304 1757 1333 haec
1780 1312 1898 1333 earum

115 1359 354 1399 antiquitatum
377 1358 560 1398 expositio,
595 1369 698 1399 quam
730 1368 820 1398 quae
849 1359 958 1388 omnis
982 1368 1027 1388 ex
1048 1358 1183 1388 illorum
1209 1363 1497 1398 mystagogorum
1522 1357 1725 1397 supellectili
1751 1361 1785 1386 et
1806 1366 1898 1396 penu

114 1413 224 1453 repeti
246 1414 368 1453 possit.
413 1413 535 1453 Itaque
557 1413 773 1453 probabilius
799 1418 859 1448 est,
882 1413 1089 1443 Pausaniam
1113 1412 1246 1453 egregii
1269 1412 1454 1448 cuiusdam,
1483 1411 1539 1452 qui
1566 1412 1669 1451 plane
1692 1412 1725 1441 in
1752 1410 1897 1451 antiqui-

114 1467 243 1498 tatibus
266 1466 439 1507 Sicyoniis
462 1468 645 1503 habitaret,
669 1467 820 1498 auctoris
843 1477 940 1507 opuS,
967 1473 1150 1506 antequam
1171 1468 1291 1497 urbem
1315 1467 1434 1507 adiret,
1456 1467 1678 1502 lectitavisse‚
1703 1476 1812 1506 eaque
1830 1466 1897 1496 lec-

113 1523 206 1553 tione
236 1522 439 1553 instructum
474 1522 597 1552 deinde
631 1522 744 1552 omnia
778 1522 909 1552 maiore
941 1532 1017 1552 cum
1050 1521 1160 1552 fructu
1182 1526 1419 1561 percontatum
1454 1526 1488 1551 et
1523 1525 1778 1560 perscrutatum
1812 1530 1897 1550 esse.

113 1576 234 1616 Neque
256 1585 341 1606 vero
365 1576 542 1606 meliorem
559 1586 766 1616 quemquam
790 1576 822 1606 in
846 1586 887 1606 eo
912 1577 1092 1615 proposito
1109 1576 1229 1606 ducem
1247 1576 1342 1615 sequi
1357 1575 1479 1615 potuit,
1504 1585 1606 1615 quam
1622 1575 1897 1607 Menaechmum,

114 1630 264 1670 Sicyone
279 1636 407 1666 natum,
431 1631 652 1662 Σικυωνιακῶν
676 1636 862 1662 auctorem.
900 1630 1005 1660 Felici
1028 1640 1110 1660 vero
1135 1639 1215 1660 casu
1238 1630 1372 1663 accidit,
1396 1635 1432 1659 ut
1455 1629 1486 1659 in
1503 1627 1810 1668 praestantissimis
1822 1627 1896 1657 Me-

113 1684 268 1715 naechmi
296 1684 509 1724 fragmentis,
544 1695 751 1724 quamquam
785 1684 902 1724 paucis
925 1684 1163 1714 tantummodo
1191 1683 1289 1714 lineis
1312 1683 1559 1718 contineantur,
1598 1688 1714 1713 tamen
1735 1692 1791 1713 res
1814 1692 1896 1712 non-

113 1739 226 1769 nullae
249 1738 350 1768 insint
367 1739 469 1769 valde
491 1738 633 1769 subtiles
656 1744 690 1769 et
714 1739 916 1778 exquisitae,
941 1749 1029 1777 quae
1045 1738 1272 1768 Menaechmo
1298 1748 1375 1769 cum
1391 1737 1564 1768 Pausania
1586 1747 1784 1768 communes
1808 1742 1895 1767 sunt.

114 1793 172 1823 Eis
191 1793 354 1832 inspectis
370 1793 439 1827 vix,
463 1793 595 1832 opinor.
621 1793 759 1823 dubium
784 1793 1002 1832 relinquetur.v
1026 1792 1107 1832 quin
1126 1792 1352 1822 Menaechmo
1372 1797 1514 1822 auctore
1529 1791 1720 1822 Pausanias
1743 1801 1825 1821 usus
1844 1791 1894 1822 sit.

113 1846 184 1878 Sed
206 1846 306 1876 huius
330 1846 378 1876 rei
398 1853 604 1886 argumenta
627 1857 715 1877 nunc
737 1847 929 1877 accuratius
952 1847 1183 1877 examinanda
1206 1851 1290 1878 sunt.

275 2003 302 2032 2.
347 2001 554 2032 Pausaniam
578 2002 791 2034 Menaechmi
815 2002 966 2044 Sicyonii
990 2013 1097 2043 opere
1120 2013 1218 2034 usum
1241 2013 1327 2043 esse,
1349 2003 1496 2043 primum
1520 2003 1732 2033 demonstrat

393 2057 595 2096 anagrapha
625 2067 745 2097 regum
770 2057 1008 2097 Sicyoniorum
1032 2059 1203 2099 antiquior
1225 2059 1391 2089 ambobus
1415 2058 1611 2089 communis.

264 2133 320 2165 Ac
344 2135 489 2174 primum
512 2136 658 2176 quidem,
692 2138 782 2167 unde
812 2138 1009 2177 propiorem
1032 2138 1204 2177 quandam
1237 2138 1324 2169 inter
1347 2139 1552 2169 Pausaniam
1577 2142 1610 2168 et
1631 2137 1893 2168 Menaechmum

112 2188 355 2227 cognationem
379 2190 534 2230 colligas,
558 2191 624 2221 hoc
647 2197 708 2227 est,
733 2193 826 2230 quod
842 2193 944 2222 ambo
961 2192 993 2221 in
1015 2202 1136 2232 regum
1153 2192 1392 2233 Sicyoniorum
1415 2194 1504 2224 serie
1520 2193 1710 2224 Adrastum
1730 2194 1891 2224 continuo

112 2247 193 2282 post
215 2242 386 2282 Polybum
409 2245 582 2275 collocant
605 2256 750 2286 eumque
772 2246 897 2287 Polybi
928 2257 1163 2277 successorem
1186 2248 1375 2287 legitimum
1399 2249 1522 2284 dicunt,
1554 2249 1612 2288 qui
1634 2248 1759 2288 Polybi
1781 2258 1890 2288 nepos

112 2306 156 2327 ex
181 2294 251 2326 filia
271 2296 381 2329 fuerit.
415 2298 515 2330 Paus.
532 2301 559 2335 2,
583 2301 610 2336 6,
634 2301 653 2331 6
675 2301 826 2340 Πόλυβος
849 2303 884 2332 δὲ
907 2301 1022 2341 Ταλαῷ
1045 2305 1090 2343 τῷ
1115 2302 1247 2340 Βίαντος
1269 2303 1469 2340 βασιλεύοντι
1488 2301 1636 2341 Ἀργείων
1659 2302 1889 2335 Λυσιάνασσαν

111 2352 168 2389 τὴν
182 2351 340 2389 Θυγατέρα
362 2353 474 2385 ἔδωκε·
498 2355 548 2385 καὶ
565 2354 617 2386 ὅτε
635 2354 814 2394 Ἄδραστος
836 2356 972 2394 ἔφευγεν
995 2356 1027 2387 ἐξ
1050 2355 1198 2394 Ἄργους,
1221 2357 1307 2395 παρὰ
1322 2357 1473 2395 Πόλυβον
1496 2356 1593 2395 ἦλθεν
1678 2358 1728 2388 καὶ
1751 2357 1889 2396 ὕστερον

111 2432 116 2437 .
135 2431 141 2437 .
159 2431 164 2436 .
187 2406 244 2443 τὴν
265 2406 299 2437 ἐν
322 2407 455 2439 Σικυῶνι
475 2407 576 2447 ἀρχὴν
592 2409 695 2447 ἔσχεν.
728 2408 811 2440 Cum
828 2410 1001 2440 Pausania
1016 2411 1186 2441 consentit
1208 2410 1452 2442 Menaechmus
1469 2410 1583 2442 Schol.
1601 2412 1699 2443 Pind.
1715 2412 1811 2442 Nem.
1825 2411 1889 2447 IX,

110 2471 143 2501 p.
167 2461 228 2492 493
254 2466 340 2491 extr.
365 2462 547 2502 Μέναιχμος
571 2465 606 2495 δὲ
631 2464 650 2495 ὁ
678 2464 852 2503 Σικυώνιος
884 2465 968 2495 οὕτω
995 2465 1124 2503 γράφει·
1226 2465 1406 2505 Ἄδραστος
1433 2467 1467 2498 δὲ
1571 2467 1683 2506 φυγὼν
1716 2466 1811 2505 ἦλθεν
1843 2466 1888 2505 εἰς
